1596 2779
143 137 168 176 Β
560 133 599 166 D.
624 134 751 167 sumi
775 134 1047 166 JUVENALIS,

146 231 222 267 Sed
252 230 399 276 melius,
419 228 518 278 quod
539 230 591 267 nil
612 230 746 266 animis
766 231 803 268 in
824 245 980 281 corpora
995 230 1090 279 juris

145 283 291 320 Natura
311 282 490 330 indulget.
548 283 701 319 Steriles
721 285 941 330 moriuntur,
961 290 998 320 et
1017 282 1089 318 illis

145 334 318 383 Turgida
338 347 412 370 non
434 335 583 382 prodest
602 335 756 371 condita
775 337 911 384 pyxide
932 335 1051 384 Lyde,

144 386 230 423 Nec
250 386 402 435 prodest
421 386 508 434 agili
529 387 672 434 palmas
691 388 857 434 praebere
875 388 1059 436 Luperco.

197 439 300 476 Vicit
319 446 355 474 et
372 439 445 475 hoc
467 446 672 474 monstrum
694 440 851 476 tunicati
872 440 1019 476 fuscina
1038 437 1218 484 Gracchi,

145 490 404 538 Lustravitque
425 491 513 539 fuga
533 491 694 526 mediam
715 491 1083 539 gladiator‘arenam,

145 542 194 579 Et
213 541 435 591 Capitolinis
454 543 683 590 generosior,
703 551 740 579 et
760 543 964 589 Marcellis,

145 594 194 631 Et
213 595 372 640 Catulis,
394 595 574 642 Paulique
603 595 881 642 minoribus,.et
902 595 1043 640 Fabiis,
1062 602 1100 631 et

145 647 334 684 Omnibus
355 648 400 683 ad
420 647 574 695 podium
595 648 861 695 spectantibus.
920 648 992 684 IIis
1012 647 1101 683 licet
1120 646 1243 695 ipsum

148 700 374 745 Adrnoveas‚
396 699 502 747 cujus
523 707 614 734 tunc
634 712 790 736 munere
810 700 903 736 retia
923 699 1033 736 misit.

198 751 291 788 Esse
313 752 449 800 aliquid
472 750 619 796 Manes,
640 759 677 787 et
696 751 938 788 subterranea
958 764 1087 799 regna,

148 801 194 840 Et
213 812 380 849 contum,
402 811 439 840 et
460 803 590 851 Stygio
609 814 717 839 ranas
737 804 775 839 in
797 804 948 852 gurgite
965 803 1104 851 nigra,

146 857 271 904 Atque
292 858 367 892 una
388 856 544 892 transire
565 855 698 890 vadum
719 863 773 892 tot
793 856 907 891 millia
927 856 1074 903 cymba,

145 907 230 944 Nec
250 909 353 957 pueri
374 909 546 953 credunt,
568 906 638 942 nisi
658 908 721 955 qui
741 908 907 943 nondum
929 920 1000 943 aere
1026 907 1205 943 lavantur.

147 961 223 996 Sed
243 968 282 997 tu
304 973 388 996 vera
407 969 506 1009 puta.
549 959 689 995 Curius
708 960 796 1007 quid
817 960 942 1005 sentit,
963 967 1000 996 et
1019 959 1128 996 ambo

147 1011 360 1061 Scipiadae?
390 1013 477 1061 quid
500 1011 710 1057 Fabricius,
734 1025 935 1060 manesque
953 1012 1131 1048 Camilli?

144 1065 251 1104 Quid
273 1065 461 1102 Cremerae
482 1065 592 1113 legio,
613 1071 650 1100 et
670 1064 814 1100 Cannis
834 1072 1055 1112 consumpta
1073 1064 1264 1111 juventus,

146 1116 224 1154 Tot
243 1117 422 1154 bellorum
445 1117 594 1161 animae,
615 1115 759 1163 quoties
780 1116 868 1152 hinc
889 1116 972 1152 talis
992 1116 1036 1152 ad
1059 1116 1140 1152 illos

145 1169 288 1206 Umbra
309 1170 435 1205 venit?
491 1169 684 1216 Cuperent
705 1169 867 1214 lustrari,
888 1169 917 1204 si
937 1181 1010 1216 qua
1031 1169 1208 1204 darentur

147 1222 299 1258 Sulfura
319 1235 406 1258 cum
426 1221 545 1266 taedis,
566 1228 602 1256 et
622 1221 651 1256 si
674 1220 766 1256 foret
786 1220 941 1257 humida
961 1221 1097 1257 laurus.

147 1274 256 1320 Illuc,
278 1274 371 1310 heu!
403 1272 528 1309 miseri
548 1273 789 1309 traducimur.
847 1274 966 1309 Arma
984 1273 1135 1321 quidem
1152 1271 1249 1309 ultra

146 1326 290 1363 Littora
310 1326 332 1362 J
339 1339 487 1362 uvernae
507 1325 773 1374 promovimus,
797 1334 834 1362 et
854 1324 965 1362 modo
986 1333 1115 1373 captas

146 1379 330 1425 Orcadas,
347 1392 390 1415 ac
408 1378 565 1414 minima
583 1385 779 1414 contentos
800 1386 909 1415 nocte
926 1378 1147 1414 Britannos:

148 1432 223 1468 Sed
244 1445 325 1480 quae
347 1443 449 1468 nuno
470 1430 595 1480 populi
615 1430 710 1466 fiunt
730 1430 881 1468 victoris
900 1431 938 1469 in
960 1430 1063 1478 urbe,

148 1483 236 1521 Non
258 1485 400 1522 faciunt
425 1483 490 1530 illi,
511 1496 603 1533 quos
622 1483 846 1522 vicimus.—

648 1697 857 1734 SATIRA
888 1696 961 1732 III.

201 1806 391 1846 QUAMVIS
412 1805 582 1853 digressu
604 1803 739 1839 veteris
758 1801 936 1839 confusus
956 1799 1081 1846 amici,

150 1859 282 1896 Laudo
301 1865 440 1903 tamen,
462 1857 589 1892 vacuis
608 1854 707 1904 quod
730 1855 857 1891 sedem
878 1854 992 1902 figere
1012 1851 1146 1888 Cumis

151 1911 338 1955 Destinet,
360 1918 469 1957 atque
491 1921 607 1944 unum
629 1909 749 1944 civem
770 1908 909 1943 donare
931 1905 1094 1953 Sibyllae.

151 1963 277 1999 Janua
294 1962 469 1998 Baiarum
490 1970 558 2006 est,
581 1969 617 1997 et
636 1969 781 2009 gratum
800 1960 901 1995 littus
921 1957 1058 1994 amoeni

154 2015 345 2052 Secessus.
402 2014 485 2062 Ego
505 2014 559 2049 vel
582 2013 804 2060 Prochytam
825 2023 1000 2059 praepono
1017 2009 1187 2045 Suburae.

153 2068 253 2104 Nam
275 2067 362 2115 quid
384 2074 458 2102 tam
480 2066 669 2110 miserum,
692 2073 766 2100 tam
788 2063 906 2099 solum
928 2062 1100 2108 vidimus,
1117 2068 1158 2097 ut
1176 2073 1252 2098 non

154 2120 332 2157 Deterius
348 2119 480 2154 credas
501 2119 649 2154 horrere
666 2116 855 2161 incendia,
876 2115 1000 2163 lapsus

155 2172 361 2209 Tectorum
383 2171 565 2216 assiduos,
588 2183 632 2206 ac
652 2169 752 2205 mille
771 2167 937 2217 pericula
957 2179 1062 2202 saevae

155 2225 281 2269 Urbis,
301 2231 338 2260 et
359 2224 532 2271 Augusto
552 2222 754 2259 recitantes
774 2232 901 2256 mense
922 2219 1079 2267 poetas?

157 2278 233 2314 Sed
250 2277 337 2312 dum
359 2283 434 2311 tota
450 2275 582 2311 domus
602 2274 718 2311 rheda
739 2272 974 2320 componitur
994 2270 1084 2315 una,

158 2329 332 2366 Substitit
352 2329 397 2364 ad
419 2335 562 2364 veteres
581 2339 690 2363 arcus
711 2325 973 2371 madidamque
994 2323 1200 2371 Capenam.

158 2382 250 2427 Hic,
271 2380 334 2416 ubi
356 2388 549 2416 nocturnae
571 2379 699 2415 Numa
719 2377 971 2414 constituebat
990 2375 1135 2420 amicae,

159 2434 276 2471 Nunc
297 2433 393 2469 sacri
415 2433 526 2468 fontis
545 2443 680 2468 nemus
699 2438 736 2466 et
755 2429 910 2466 delubra
930 2428 1100 2464 locantur

159 2486 316 2531 Judaeis,
337 2497 492 2533 quorum
514 2483 698 2532 cophinus
719 2482 933 2528 foenumque
949 2479 1127 2528 supellex,

1380 386 1456 424 125

1380 645 1454 682 130

1383 906 1457 944 135

1384 1166 1458 1203 140

1385 1427 1459 1465 145

1418 2267 1466 2305 10
