1596 2779
658 142 820 171 SATiRA
848 144 910 171 lx.

126 234 227 272 Nam
247 248 306 272 res
326 235 515 271 mortifera
535 242 591 270 est
611 234 786 270 inimicus
806 235 955 283 pumice
976 235 1076 272 levis.

124 287 206 326 Qui
227 285 338 323 modo
361 294 546 322 secretum
569 286 819 331 commiserat,
838 288 955 332 ardet,
975 294 1011 323 et
1030 288 1121 333 odit,

125 339 326 386 Tanquam
346 338 584 386 prodiderim,
605 338 783 384 quidquid
805 338 893 373 scio.
951 340 1109 374 Sumere
1126 339 1278 386 ferrum,

126 390 240 427 Fuste
261 390 403 438 aperire
424 397 548 437 caput,
569 388 764 425 candelam
783 402 970 436 apponere
993 390 1121 435 valvis,

126 441 214 478 Non
233 442 389 478 dubitat.
445 441 530 477 Nec
550 447 770 476 contemnas
790 448 853 477 aut
873 441 1070 489 despiciaS‚
1089 440 1191 490 quod

130 494 199 529 [Iis
219 494 351 542 opibus
370 504 560 540 nunquam
580 505 666 528 cara
686 499 741 527 est
761 505 911 529 annona
936 493 1085 529 veneni.

128 544 227 594 Ergo
244 545 393 582 occulta
412 553 529 592 teges,
550 551 591 580 ut
610 544 716 580 curia
738 543 871 580 Martis
892 545 1066 582 Athenis

125 597 161 633 O
181 597 370 645 Corydon,
391 596 581 644 Corydon,
604 603 790 632 secretum
811 596 935 632 divitis
955 597 1070 633 ullum

126 649 220 685 Esse
241 649 374 698 putas'?
413 648 517 684 Servi
539 655 578 684 ut
597 656 768 692 taceant3
795 647 965 696 jumenta
984 649 1200 696 loquuntur,

126 701 174 737 Et
194 701 312 746 cauis,
333 709 370 737 et
389 707 526 749 posteS,
546 708 583 736 et
602 713 796 736 marmora.
854 700 999 736 Claude
1022 701 1215 748 fenestras,

126 753 219 789 Vela
242 761 370 801 tegant
391 753 515 797 rimas,
532 752 648 800 junge
667 752 774 797 ostia,
795 752 911 789 tollito
931 752 1057 789 lumen

127 805 160 840 E
182 805 326 848 medio3
342 804 508 839 clamant
525 817 666 840 omues.
724 803 844 852 Prope
871 817 982 840 nemo
1002 805 1198 842 recumbat
1216 818 1223 842 ε

124 857 240 895 Quod
262 864 387 892 tamen
409 856 454 892 ad
475 864 628 891 cantum
650 856 737 904 galli
760 856 845 892 facit
867 856 927 892 ille
948 857 1120 902 secundi,

126 908 322 944 Proximus
341 915 427 944 ante
444 907 541 943 diem
562 920 681 955 caupo
701 908 794 943 sciet.
810 920 818 951 ;
849 908 975 944 audiet
994 915 1043 953 et,
1064 921 1146 957 quae

124 960 332 997 Finxerunt
351 960 486 1009 pariter
506 959 688 1004 librarius,
709 960 959 1008 archimagiri,

124 1012 335 1060 Carptores.
390 1011 505 1050 Quod
527 1012 626 1047 enim
648 1012 819 1047 dubitant
840 1025 1065 1060 componere
1086 1012 1231 1050 crimen

125 1064 170 1100 In
191 1065 374 1110 dominos,
388 1064 531 1111 quoties
551 1064 762 1099 rumoribus
782 1064 1015 1100 ulciscuntur

124 1115 283 1152 Baltea'?
339 1116 423 1152 Nec
443 1116 573 1160 deerit,
595 1116 655 1163 qui
677 1123 712 1152 te
732 1129 796 1164 per
816 1117 979 1164 compita
998 1124 1139 1163 quaerat

124 1167 340 1214 Nolentem,
361 1175 398 1204 et
418 1168 590 1203 miseram
612 1169 762 1204 vinosus
783 1168 941 1204 inebriet
961 1180 1100 1204 aurem.

123 1219 211 1257 Illos
230 1218 320 1268 ergo
341 1232 461 1268 roges,
482 1220 661 1267 quidquid
682 1218 792 1268 paulo
814 1217 901 1256 ante
923 1220 1074 1268 petebas

123 1271 159 1307 A
181 1272 288 1309 nobis*
357 1271 531 1308 Taceant
551 1271 625 1307 illi:
655 1273 720 1307 sed
741 1273 900 1320 prodere
921 1272 1064 1308 malunt

123 1324 334 1370 Arcanum,
354 1322 468 1372 quam
488 1324 653 1372 subrepti
675 1331 801 1372 potare
823 1324 986 1370 Falerni,

121 1375 194 1413 Pro
214 1377 350 1424 populo
371 1376 513 1412 faciens
531 1384 746 1424 quantum
734 1376 749 1400 Ῐ
751 1376 903 1412 aufella
924 1376 1084 1412 bibebat

121 1428 334 1464 Vivendum
356 1426 458 1464 recte
479 1436 547 1474 est,
568 1441 654 1464 cum
676 1436 823 1476 propter
843 1428 1015 1476 plurima,
1036 1436 1115 1464 tum
1136 1428 1194 1465 his

120 1479 315 1529 Praecipue
337 1480 473 1525 causis,
494 1488 535 1517 ut
553 1481 700 1529 linguas
719 1481 989 1528 mancipiorum

121 1532 373 1569 Contemnas:
403 1545 490 1568 nam
511 1512 640 1581 linguoa
660 1532 746 1568 mali
763 1545 847 1581 pars
866 1532 1027 1581 pessima
1047 1532 1153 1569 servi.

121 1584 294 1622 Deterior
311 1592 436 1621 tamen
458 1584 532 1630 hic,
553 1584 614 1632 qui
636 1584 729 1620 liber
749 1597 823 1620 non
844 1585 914 1621 erit
934 1584 1018 1630 illis,
1067 1627 1072 1632 ¹

120 1636 296 1676 Quorum
316 1637 459 1673 animas
478 1644 516 1673 et
536 1637 629 1672 farre
650 1649 717 1672 suo
737 1637 900 1673 custodit
919 1644 956 1672 et
977 1649 1060 1673 aere.

174 1688 324 1726 Idcirco
340 1696 380 1724 ut
395 1689 532 1737 possim
553 1688 719 1737 linguam
741 1696 982 1725 contemnere
1002 1689 1112 1735 servi,

123 1740 221 1777 Utile
242 1741 439 1778 consilium
460 1738 586 1787 modo,
607 1741 670 1776 sed
693 1753 906 1786 commune,
927 1741 1063 1777 dedisti
1081 1754 1088 1777 :

120 1793 237 1830 Nunc
256 1793 347 1829 mihi
367 1793 455 1841 quid
476 1793 610 1829 suades
628 1801 711 1840 post
731 1793 909 1829 damnum
930 1793 1121 1842 temporiS,
1141 1801 1178 1831 et
1200 1807 1285 1843 spes

120 1845 338 1895 Deceptas?
395 1844 565 1882 Festinat
583 1845 686 1881 enim
708 1846 907 1881 decurrere
930 1846 1035 1881 velox

120 1897 332 1943 Flosculus,
354 1904 522 1945 angustae
545 1897 763 1944 miseraeque
780 1897 996 1933 brevissima
1015 1897 1098 1933 vitae

120 1949 271 1986 Portio:
300 1948 390 1984 dum
411 1948 587 1994 bibimus,
610 1949 698 1984 dum
719 1956 830 1994 serta,
852 1956 1058 1997 unguenta,
1079 1949 1221 1998 puellas

121 2001 330 2047 Poscimus,
350 2000 495 2048 obrepit
515 2013 589 2037 non
611 2000 803 2036 intellecta
822 2009 1007 2037 senectus

119 2053 181 2090 Ne
203 2053 347 2102 trepida
365 2066 372 2089 :
403 2064 594 2100 nunquam
614 2052 788 2100 pathicus
807 2053 874 2089 tibi
895 2053 1015 2089 deerit
1035 2054 1193 2099 amicus,

120 2105 314 2142 stantibus
335 2111 372 2141 et
392 2104 501 2140 salvis
522 2105 579 2140 his
598 2104 756 2140 collibus
773 2117 781 2148 ;
813 2105 978 2152 undique
999 2105 1044 2141 ad
1067 2105 1149 2142 illos

120 2156 371 2202 Convenient,
392 2162 429 2192 et
447 2157 635 2204 carpentis
654 2163 691 2191 et
712 2156 881 2202 navibus,
900 2169 1044 2203 omneS,

118 2208 201 2248 Qui
221 2208 339 2256 digito
360 2207 532 2256 scalpunt
551 2220 627 2244 uno
646 2215 770 2256 caput.
828 2208 960 2245 Altera
980 2209 1098 2257 major

120 2261 214 2309 Spes
233 2265 423 2308 superest:
452 2266 492 2295 tu
511 2258 658 2295 tantum
678 2260 801 2295 erucis
821 2260 994 2308 imprime
1015 2261 1178 2297 dentem.

120 2312 216 2348 Haec
236 2311 407 2360 exempla
425 2323 516 2359 para
536 2311 730 2348 felicibus:
763 2318 799 2347 at
818 2323 903 2348 mea
923 2312 1061 2348 Clotho

118 2364 167 2400 Et
183 2363 366 2401 Lachesis
385 2362 565 2411 gaudent,
586 2363 617 2398 si
636 2363 802 2411 pascitur
822 2363 978 2411 inguine
998 2370 1126 2400 venter

118 2416 154 2453 O
174 2415 289 2464 parvi,
310 2414 501 2462 nostrique
521 2414 651 2460 Lares,
671 2426 764 2461 quos
784 2415 892 2451 thure
913 2416 1071 2461 minuto,

119 2469 199 2504 Aut
215 2467 321 2513 farre,
341 2473 379 2502 et
399 2466 501 2502 tenui
524 2466 626 2502 soleo
644 2477 797 2502 exorare
813 2467 965 2512 corona,

1384 758 1436 792 Si}

1381 1275 1434 1311 90

1380 1535 1432 1572 95

1358 1796 1430 1832 108

1358 2058 1370 2090 l
1380 2057 1430 2091 05

1356 2315 1429 2350 lm
