1596 2779
170 156 220 192 36
591 149 631 183 Π.
655 150 783 184 JUNll
807 150 1061 184 JUVENALIS

170 243 343 284 Mordeat
363 245 450 282 ante
472 246 614 294 aliquis,
634 247 811 294 quidquid
832 247 1035 295 porrexerit
1056 246 1131 292 illa,

168 299 431 347 Quae-peperit
448 312 455 333 :
484 298 641 334 timidus*
655 306 855 346 praegustet
874 298 1008 346 pocula
1025 310 1173 346 pappaS.

170 349 368 399 Fingimus
389 351 482 397 haec,
504 350 617 385 altum
641 350 762 385 Satira
783 358 954 386 sumente
974 350 1199 386 cothurnum

171 403 339 447 Scilicet,
360 409 408 447 et,
429 401 542 437 finem
563 401 702 449 egressi
721 401 915 449 legemque
935 402 1111 449 priorum,

169 454 321 490 Grande
344 453 553 501 Sophocleo
573 465 724 488 carmen
748 454 975 493 bacchamur
996 453 1112 498 hiatu,

169 504 363 542 Montibus
379 506 544 553 ignotum
566 505 733 550 Rutulis,
753 505 921 552 coeloque
942 505 1086 540 Latino.

169 556 412 593 Nos-utinam
434 557 539 592 vani!
571 557 636 592 sed
657 556 792 592 clamat
812 556 956 602 Pontia,
978 555 1084 602 Feci,

168 609 372 654 Confiteor,
391 609 588 657 puerisque
610 609 702 644 meis
722 609 869 644 aconita
888 608 1025 656 paravi,

167 660 267 699 Quae
288 661 472 709 deprensa
492 668 641 708 patent:
673 660 816 696 facinus
835 668 959 696 tamen
981 661 1060 709 ipsa
1078 658 1217 708 peregi.

168 712 284 748 Tune
304 713 397 748 duos
417 713 506 758 una,
527 713 729 748 saevissima
749 713 885 760 vipera,
907 712 1043 748 coena?

168 763 283 800 Tune
304 765 423 801 duos?
480 764 645 812 Septem,
665 764 694 799 si
716 772 857 811 septem
882 762 973 799 forte
995 763 1163 799 fuissent.

168 816 377 852 Credamus
395 816 560 864 tragicis,
580 815 759 864 quidquid
781 816 827 851 de
848 815 1031 851 Colchide
1051 814 1153 851 torva

169 868 318 904 Dicitur
337 875 374 904 et
394 867 538 904 Procne
557 880 564 903 ε
594 868 645 903 nil
666 866 797 903 contra
819 879 946 911 conor,
966 873 1003 902 et
1023 867 1094 902 illae

167 919 337 956 Grandia
356 928 521 956 monstra
540 920 616 955 suis
637 919 825 954 audebant
844 919 1094 966 temporibus;
1124 917 1190 954 sed

168 971 257 1009 Non
277 980 424 1021 propter
444 984 630 1007 nummos.
687 969 813 1006 Minor
834 971 1029 1006 admiratio
1049 970 1205 1006 summis

169 1023 339 1060 Debetur
360 1023 546 1066 monstris,
566 1023 709 1071 quoties
730 1023 817 1058 facit
838 1023 889 1058 ira
911 1029 1110 1058 nocentem

168 1075 285 1111 Hunc
305 1088 448 1121 sexum,
469 1083 505 1111 et
525 1075 627 1111 rabie
644 1075 750 1122 jecur
771 1075 997 1110 incendente
1018 1074 1186 1110 feruntur

168 1127 384 1176 Praecipites
401 1140 410 1172 ;
439 1134 479 1162 ut
499 1140 586 1163 saxa
603 1126 703 1175 jugis
723 1126 892 1174 abrupta,
911 1125 1047 1173 quibus
1067 1137 1174 1161 mons

168 1179 422 1225 Subtrahitur,
443 1179 611 1227 clivoque
630 1179 726 1214 latus
746 1178 933 1226 pendente
955 1177 1107 1213 recedit.

221 1231 328 1267 Illam
348 1244 418 1280 ego
438 1244 512 1267 non
533 1230 696 1276 tulerim,
715 1242 804 1278 quae·
818 1237 1020 1277 computat,
1041 1236 1077 1264 et
1096 1228 1218 1264 scelus
1238 1227 1374 1275 ingens

169 1283 271 1320 Sana
292 1283 389 1319 facit.
448 1284 628 1331 Spectant
649 1283 871 1319 subeuntem
895 1282 967 1317 fata
987 1281 1108 1316 mariti

168 1336 364 1381 Alcestim,
385 1342 434 1381 et,
454 1335 584 1371 similis
604 1335 634 1371 si
653 1334 876 1383 permutatio
897 1334 1016 1378 detur,

168 1388 291 1425 Morte
311 1388 376 1424 viri
397 1388 549 1436 cupient
568 1388 729 1423 animam
751 1398 895 1422 servare
910 1385 1069 1421 catellae.

168 1441 385 1477 Occurrent
404 1440 531 1476 multae
551 1439 617 1476 tibi
639 1439 787 1475 Belides
808 1446 916 1486 atque
938 1436 1126 1486 Eriphylae

169 1491 285 1528 Mane
306 1505 312 1527 :
343 1492 667 1540 Clytaemnestram
688 1491 811 1526 nullus
832 1503 905 1526 non
926 1490 1029 1525 vicus
1049 1488 1210 1525 habebit.

169 1545 255 1582 Hoc
275 1542 420 1580 tantum
442 1544 566 1589 refert,
586 1542 686 1592 quod
706 1542 897 1590 Tyndaris
916 1542 979 1578 illa
1000 1541 1200 1590 bipennem

170 1597 355 1633 Insulsam
376 1603 412 1632 et
434 1596 570 1632 fatuam
592 1595 722 1632 dextra
744 1595 914 1642 laevaque
934 1593 1095 1630 tenebat.

170 1650 223 1685 At
243 1661 344 1685 nunc
365 1661 424 1684 res
443 1648 565 1698 agitur
584 1648 687 1683 tenui
707 1646 884 1696 pulmone
905 1646 1067 1690 rubetae3

171 1702 244 1738 Sed
269 1713 392 1737 tamen
413 1707 450 1736 et
469 1700 577 1745 ferro,
594 1700 622 1735 si
643 1698 885 1748 praegustabit
905 1697 1058 1733 Atrides

171 1752 328 1790 Pontica
347 1760 401 1789 ter
421 1752 508 1788 victi
527 1758 659 1788 cautus
679 1750 930 1787 medicamina
948 1749 1059 1798 regis.

1401 293 1480 334 510

1400 551 1479 590 515

1400 812 1480 849 520

1400 1071 1479 1108 525

1399 1329 1479 1366 530
