1596 2779
181 198 253 236 102
627 199 665 228 Α.
691 199 840 229 pransu
866 199 1026 229 πωροι

178 289 347 339 Fregerit
366 291 555 337 articulos,
575 292 709 327 veteris
729 292 881 328 ramalia
901 293 973 340 fagi
991 305 998 328 ε

177 342 292 378 Tunc
311 355 456 378 crassos
476 343 654 379 transisse
674 344 766 389 dies,
783 344 979 391 lucemque
1000 343 1217 391 palustrem,
1425 342 1478 380 60

178 393 226 431 Et
244 394 314 430 sibi
331 394 408 442 jam
425 394 496 431 seri
517 395 629 431 vitam
650 395 869 442 ingemuere
890 395 1068 431 relictam.

229 447 281 482 At
301 454 335 482 te
352 446 544 482 nocturnis
560 446 664 494 juvat
682 447 938 494 impallescere
961 446 1110 483 chartis.

176 497 306 534 Cultor
326 499 426 533 enim
445 498 625 546 juvenum
645 506 822 546 purgatas
838 498 970 534 inseris
990 511 1098 534 aures

175 549 300 597 Fruge
321 549 539 586 Cleanthea.
596 550 715 586 Petite
731 549 832 595 hinc,
849 550 1079 598 juvenesque
1099 561 1293 597 senesque,

177 599 310 636 Finem
331 601 454 637 animo
473 609 629 647 certum,
650 602 864 649 miserisque
886 602 1021 638 viatica
1039 601 1154 638 canis.
1426 600 1477 638 65

176 657 182 670 ¹
199 652 293 688 Cras
314 653 385 688 hoc
405 653 490 689 fiet.’
548 653 656 689 Idem
672 666 754 689 cras
774 654 847 689 fiet.
905 658 913 672 ‘
927 650 1063 692 Quid?
1091 653 1195 701 quasi
1215 664 1407 701 magnum,

175 703 323 753 Nempe
344 705 443 740 diem
464 705 581 741 donas
602 706 622 740 l'
681 705 755 741 Sed
776 718 890 762 quum
910 705 972 741 lux
993 706 1109 741 altera
1129 705 1241 749 venit,

175 755 197 791 J
202 768 260 792 am
282 769 365 792 cras
386 757 600 792 hesternum
621 757 943 804 consumpsimus:
973 769 1064 792 ecce
1084 753 1186 792 aliud
1206 768 1289 792 cras

175 807 304 856 Egerit
324 809 390 844 hos
410 822 540 854 annos,
561 816 597 844 et
617 821 763 857 semper
785 807 888 866 paul.
886 821 936 844 nn
957 809 1026 844 erit
1042 806 1149 844 ultra.

176 859 274 896 Nam
293 861 460 908 quamvis
480 874 592 908 prope
613 869 661 905 te,
682 860 849 908 quamvis
869 868 1018 896 temone
1038 860 1108 895 sub
1128 872 1203 897 uno
1426 859 1477 896 70

176 912 394 948 Vertentem
415 924 508 957 sese,
531 912 663 948 trustra
684 913 875 948 sectabere
896 913 1088 957 canthum,

173 964 307 1002 Quum
326 972 405 1000 rota
423 943 602 1012 posterior
623 977 761 1009 curras,
782 971 819 999 et
839 964 876 999 in
897 977 965 1000 axe
985 964 1163 1000 secundo.

228 1015 416 1052 Libertate
435 1028 527 1064 opus
547 1024 614 1060 est,
631 1029 704 1052 non
726 1017 761 1051 h.
777 1029 810 1061 c,
831 1029 940 1064 quam
962 1025 1001 1052 ut
1022 1016 1178 1063 quisque
1199 1014 1336 1051 Velina

175 1067 331 1104 Puolius
351 1068 522 1113 emeruit,
544 1068 755 1104 scabiosum
778 1068 958 1104 tesserula
981 1068 1032 1103 far

175 1119 354 1155 Possidet.
414 1119 500 1155 Heu
521 1120 663 1155 steriles
683 1119 771 1164 veri,
791 1119 926 1167 quibus
948 1131 1021 1155 una
1039 1118 1229 1158 Quiritem
1427 1117 1478 1153 75

175 1171 330 1220 Vertigo
350 1171 460 1211 facit!
493 1171 568 1207 Hic
589 1171 709 1207 Dama
729 1180 785 1207 est
805 1185 879 1207 uon
899 1172 1027 1207 tressis
1047 1183 1173 1219 agaso,

175 1224 307 1272 Vappa
326 1231 363 1259 et
381 1223 514 1272 lippus,
536 1232 572 1259 et
591 1224 629 1259 in
650 1223 751 1259 tenui
775 1223 960 1272 farragine
981 1224 1164 1259 mendax:

175 1276 338 1312 Verterit
360 1276 459 1311 hunc
480 1275 665 1320 dominus,
687 1284 875 1311 momento
894 1275 1053 1311 turbinis
1071 1275 1148 1311 exit

178 1327 328 1363 Marcus
348 1327 481 1363 Dama.
540 1327 672 1376 Papae!
709 1326 840 1363 Marco
859 1328 1079 1375 spondente,
1099 1338 1251 1362 recusas

175 1380 340 1416 Credere
360 1386 398 1414 tu
420 1380 616 1415 nummos?
646 1379 777 1415 Marco
798 1379 1012 1427 subjudice
1032 1378 1173 1427 palles?
1426 1375 1479 1413 80

176 1432 329 1467 Marcus
349 1431 441 1467 dixit
459 1444 465 1466 :
497 1432 546 1467 ita
565 1439 630 1467 est.
687 1432 864 1479 Assigna‚
887 1430 1029 1476 Marce,
1050 1430 1215 1467 tabellas.

177 1484 272 1519 Haec
295 1496 396 1519 mera
415 1483 565 1519 libertas
583 1496 590 1518 2
622 1484 692 1520 hoc
712 1483 819 1519 nobis
843 1483 939 1531 pilea
959 1484 1110 1519 donant.

176 1540 183 1554 ‘
201 1537 261 1571 An
278 1536 472 1583 quisquam
493 1543 548 1571 est
567 1534 661 1571 alius
682 1535 786 1580 liber,
807 1535 879 1570 nisi
896 1536 1034 1571 ducere
1056 1535 1167 1570 vitam

175 1588 248 1623 Cui
265 1588 366 1632 licet,
389 1596 428 1623 ut
448 1587 563 1623 voluit
582 1588 591 1623 ἒ
621 1588 721 1632 licet,
745 1595 784 1622 ut
806 1587 898 1631 volo,
917 1587 1037 1623 vivere
1055 1599 1062 1622 z
1092 1599 1167 1622 non
1188 1585 1258 1621 sim

176 1640 345 1676 Liberior
366 1639 481 1676 Bruto
497 1640 520 1675 ‘l'
553 1637 738 1675 Mendes&
760 1639 918 1687 colligiS,
940 1639 1062 1686 inquit
1427 1635 1480 1672 85

177 1693 328 1728 Stoicus
348 1691 422 1736 hic,
443 1703 571 1727 aurem
589 1691 756 1728 mordaci
776 1691 872 1727 lotus
892 1699 1009 1726 aceto.

179 1744 262 1779 lloc
282 1744 466 1791 reliquum
488 1743 655 1791 accipio:
685 1743 771 1778 licet
792 1742 880 1778 illud
903 1751 940 1778 et
960 1748 999 1777 at
1020 1742 1098 1777 volo
1118 1741 1215 1777 tolle.

176 1799 184 1814 ‘
202 1795 380 1831 Vindicta
401 1803 593 1844 postquam
614 1806 720 1830 meus
739 1807 759 1830 a
779 1803 933 1842 praetore
954 1794 1104 1839 recessi,

176 1848 253 1883 Cur
275 1848 364 1883 milii
385 1860 461 1883 non
482 1847 605 1891 liceat,
621 1846 731 1895 jussit
749 1847 997 1893 quodcunque
1016 1845 1201 1890 voluntas,

177 1899 359 1948 Excepto,
380 1899 410 1934 si
429 1899 517 1946 quid
540 1897 685 1934 Masuri
705 1898 855 1934 rubrica
870 1898 1003 1933 vetavit
1013 1898 1037 1932 Υ
1428 1894 1481 1932 90

231 1951 364 1987 Disce!
396 1952 461 1987 sed
483 1951 535 1986 ira
555 1951 665 1986 cadat
684 1963 775 1986 naso
796 1962 1003 1998 rugosaque
1023 1961 1154 1995 sanna,

178 2003 280 2039 Dum
297 2010 438 2039 veteres
458 2003 558 2038 avias
577 2002 644 2039 tibi
664 2002 710 2038 de
730 2002 905 2050 pulmone
926 2001 1071 2038 revello.

179 2055 266 2092 Non
287 2055 453 2103 praetoris
472 2062 551 2090 erat
571 2054 693 2090 stultis
712 2054 799 2090 dare
819 2053 948 2089 tenuia
963 2065 1086 2089 rerum

177 2107 328 2152 Officia,
349 2115 458 2155 atque
476 2118 584 2142 usum
606 2106 743 2154 rapidae
763 2105 975 2155 permittere
995 2105 1090 2141 vitae.

180 2159 409 2194 Sambucam
429 2156 541 2194 citius
560 2158 682 2194 caloni
698 2157 879 2206 aptaveris
899 2156 983 2193 alto.
1429 2154 1482 2191 95

180 2211 260 2247 Stat
280 2209 411 2247 contra
431 2210 536 2255 ratio,
557 2218 594 2246 et
613 2217 795 2246 secretam
818 2209 950 2257 gannit
966 2209 1004 2244 in
1024 2220 1167 2253 aurem,

180 2262 240 2299 Ne
260 2263 371 2299 liceat
391 2262 511 2298 facere
528 2262 578 2307 id,
598 2262 696 2309 quod
712 2262 793 2309 quis
815 2261 955 2297 vitiabit
973 2260 1129 2309 agendo.

182 2315 338 2351 Publica
356 2315 416 2351 lex
436 2314 628 2350 homiuum
647 2322 852 2361 naturaque
872 2313 1041 2349 continet
1061 2312 1132 2348 hoc
1154 2312 1208 2348 fas

183 2366 230 2404 Ut
249 2374 376 2403 teneat
397 2366 527 2402 vetitos
549 2365 696 2401 inscitia
716 2365 850 2401 debilis
866 2372 982 2401 actus.

181 2418 305 2454 Diluis
326 2418 568 2462 helleborum,
590 2425 692 2453 certo
712 2429 949 2465 compescere
969 2423 1110 2464 puncto
1410 2413 1484 2450 100

182 2471 345 2507 Nescius
365 2470 547 2506 examen?
576 2477 675 2505 vetat
695 2470 765 2505 hoc
785 2476 917 2504 natura
937 2467 1124 2504 medendi.

183 2522 327 2559 Navem
349 2522 378 2558 si
398 2529 527 2570 poscat
545 2521 615 2557 sibi
634 2529 837 2569 peronatus
857 2528 976 2556 arator
