1596 2779
169 168 220 206 32
580 167 622 197 D.
646 167 774 199 JUN11
798 166 1056 198 JUVENALis

165 262 280 300 Quod
301 260 444 309 Tagus,
464 268 501 297 et
521 261 630 297 rutila
650 261 759 298 volvit
778 261 952 298 Pactolus
971 261 1100 306 arena,

167 312 320 361 Frigida
339 313 524 348 sufficient
545 313 707 348 velantes
727 313 882 360 inguina
900 312 1027 360 panni,

167 363 408 412 Exiguusque
429 364 549 409 cibus,
571 364 692 399 mersa
712 371 788 400 rate
810 364 1011 412 naufragus
1031 376 1151 399 assem

168 415 270 451 Dum
293 422 411 462 rogat,
431 423 468 451 et
487 415 587 463 picta
607 428 646 451 se
666 422 884 462 tempestate
903 422 1038 451 tuetur.

167 466 304 502 Tantis
323 474 427 514 parta
447 467 552 502 malis
571 467 660 502 cura
682 466 819 514 majore
832 473 1005 513 metuque

172 518 386 553 Servantur.
443 516 583 554 Misera
602 526 658 554 est
678 518 805 566 magni
825 518 994 554 custodia
1012 517 1159 554 census.

221 569 418 617 Dispositis
437 569 615 617 praedives
635 570 754 605 hamis
774 569 924 618 vigilare
943 569 1135 605 cohortem

171 621 367 656 Servorum
391 628 502 656 noctu
523 620 677 657 Licinus
693 621 811 669 jubet,
833 620 1009 656 attonitus
1028 633 1094 669 pro

171 672 332 717 Electro,
353 672 541 719 signisque
561 673 651 717 suis,
673 673 907 720 Phrygiaque
927 672 1117 717 columna,

171 724 295 771 Atque
315 724 439 768 ebore,
459 731 497 759 et
516 724 590 760 lata
609 725 807 760 testudine.
863 723 975 760 Dolia
995 723 1084 759 nudi

170 774 257 811 Non
279 775 409 811 ardent
430 774 587 823 Cynici:
616 776 645 811 si
666 776 830 824 fregeris,
850 775 966 810 altera
984 775 1047 810 fiet

171 827 265 862 Cras
285 827 430 872 doinus,
452 834 514 863 aut
533 827 664 863 eadem
685 827 836 875 plumbo
854 826 1052 862 commissa
1071 826 1247 862 manebit.

173 878 298 914 Sensit
319 879 545 924 Alexander,
565 879 660 914 testa
679 891 792 926 quum
812 878 902 914 vidit
922 878 959 913 in
981 878 1042 913 illa

173 929 355 977 Magnum
379 929 633 975 habitatorem,
654 938 790 978 quanto
811 930 950 966 felicior
972 929 1045 974 hic,
1064 929 1126 977 qui

172 981 236 1017 Nil
258 989 422 1029 cuperet,
442 981 552 1029 quarn
573 983 633 1029 qui
654 989 770 1018 totum
791 982 859 1018 sibi
879 988 1048 1029 posceret
1066 980 1210 1027 orbem,

172 1033 353 1068 Passurus
371 1034 484 1081 gestis
507 1034 687 1080 aequanda
702 1033 868 1081 pericula
887 1032 1008 1069 rebus.

173 1084 329 1119 Nullum
351 1097 490 1120 numen
513 1085 640 1130 habes,
657 1086 686 1120 si
707 1085 752 1120 sit
771 1084 968 1133 prudentia
985 1096 992 1118 ε
1023 1096 1091 1119 nos
1110 1090 1161 1129 te,

174 1135 255 1172 Nos
275 1136 445 1182 facimus,
466 1135 644 1181 Fortuna,
665 1136 799 1172 Deam.
856 1135 1039 1171 Mensura
1059 1142 1184 1171 tamen
1204 1146 1287 1183 quae

175 1188 344 1223 Sufficiat
359 1188 509 1233 census,
529 1188 560 1223 si
578 1188 660 1235 quis
680 1201 739 1224 me
759 1188 943 1232 consulat,
964 1187 1071 1222 edam
1092 1199 1099 1222 :

174 1239 218 1275 In
239 1247 416 1287 quantum
434 1240 512 1275 sitis
532 1247 640 1286 atque
662 1240 776 1275 fames
795 1246 832 1274 et
851 1239 987 1286 frigora
1006 1245 1177 1286 poscunt,

172 1291 385 1336 Quantum,
407 1291 584 1339 Epicure,
602 1291 668 1327 tibi
688 1291 810 1339 parvis
829 1290 976 1326 suffecit
996 1290 1032 1325 in
1055 1290 1184 1335 hortis,

173 1343 370 1381 Quantum
394 1343 575 1378 Socratici
596 1350 776 1391 ceperunt
795 1340 881 1377 ante
902 1349 1067 1389 penates,

174 1394 378 1442 Nunquam
402 1395 503 1430 aliud
526 1394 684 1439 Natura,
706 1394 805 1429 aliud
827 1393 1019 1441 Sapientia
1039 1392 1130 1428 dicit

175 1447 339 1482 Acribus
358 1446 536 1494 exemplis
556 1446 679 1482 videor
700 1454 735 1481 te
756 1445 940 1481 claudere.
997 1443 1118 1479 Misce

175 1497 276 1545 Ergo
294 1498 431 1545 aliquid
453 1498 587 1533 nostris
607 1498 653 1533 de
673 1497 861 1533 moribus:
887 1496 993 1531 effice
1014 1507 1210 1540 summam,

175 1550 239 1585 Bis
258 1557 399 1597 septem
419 1550 614 1585 ordinibus
633 1562 741 1596 quam
763 1549 822 1584 lex
842 1548 1016 1595 dignatur
1036 1546 1208 1582 Othonis.

176 1601 272 1636 Haec
291 1613 437 1648 quoque
457 1601 486 1636 si
507 1613 636 1649 rugam
656 1601 781 1646 trahit,
800 1599 1040 1646 extenditque
1061 1598 1259 1642 labellum;

177 1653 292 1688 Sume
313 1653 406 1688 duos
424 1652 591 1700 Equites,
613 1652 670 1688 fac
690 1652 798 1688 tertia
816 1651 1099 1698 quadringenta.

177 1704 216 1740 Si
238 1705 402 1740 nonduin
426 1703 571 1751 implevi
592 1703 790 1751 gremium,
807 1703 837 1738 si
857 1702 1032 1750 panditur
1050 1699 1169 1737 ultra:

176 1755 260 1791 Nec
280 1755 400 1791 Croesi
421 1756 567 1791 fortuna
586 1767 749 1802 unquam
770 1767 840 1791 nec
861 1754 1012 1790 Persica
1031 1765 1146 1801 regna

177 1807 373 1844 Sufficient
392 1807 529 1852 animo,
546 1819 617 1842 nec
637 1807 773 1842 ‹livitiae
793 1806 978 1850 Narcissi,

176 1859 338 1894 Indulsit
357 1859 484 1894 Caesar
505 1858 566 1894 cui
586 1858 768 1894 Claudius
787 1858 926 1902 omnia,
947 1857 1060 1905 cujus

172 1910 306 1947 Paruit
325 1910 503 1959 imperiis,
524 1922 677 1946 uxorem
696 1910 871 1946 occidere
888 1909 1028 1958 jussus.

672 2114 880 2152 SATIRA
910 2113 998 2151 XV.

232 2220 337 2259 QUIS
359 2220 491 2266 nescit,
512 2219 643 2256 Volusi
664 2219 874 2267 Bithynice,
893 2218 1016 2266 qualia
1035 2218 1192 2254 demens

182 2273 367 2320 AEgyptus
386 2279 556 2320 portenta
575 2271 699 2307 eolat?
754 2270 980 2307 Crocodilon
1002 2269 1130 2305 adorat

182 2324 272 2360 Pars
293 2324 393 2360 haec:
425 2324 484 2359 illa
503 2330 610 2371 pavet
630 2331 792 2359 saturam
813 2321 1046 2370 serpentibus
1066 2321 1155 2357 ibin.

182 2375 336 2422 Effigies
356 2376 449 2411 sacri
470 2375 563 2411 nitet
582 2387 695 2410 aurea
713 2373 976 2422 cercopitheci,

183 2426 349 2462 Dimidio
369 2427 524 2475 magicae
544 2434 719 2462 resonant
738 2426 800 2461 ubi
818 2425 1021 2461 Memnone
1041 2424 1204 2470 chordae,

185 2478 307 2526 Atque
329 2486 433 2525 yetus
452 2478 587 2514 Thebe
607 2486 759 2515 centurn
776 2477 876 2526 jacet
894 2477 1025 2513 obruta
1043 2475 1167 2525 portis.

1394 311 1472 348 300

1397 568 1474 604 305

1399 826 1476 862 310

1354 1080 1360 1085 “
1399 1083 1478 1118 315

1404 1339 1481 1376 320

1406 1853 1484 1891 330
