1596 2779
627 136 790 167 SATIRA
816 135 875 166 1v.

100 231 251 269 Excutit
271 244 292 268 e
311 231 505 268 manibus:
535 231 666 267 dentes
686 228 866 278 crepuere
886 228 1037 265 retecti:

100 285 223 321 Uncta
243 284 384 320 cadunt
403 283 495 320 laxis
514 290 606 319 tunc
625 281 874 330 pulmentaria
892 281 1016 317 labris.

102 337 204 372 Hinc
224 336 324 382 tuba,
345 335 510 372 candelae
529 347 536 370 :
565 335 790 381 tandemque
811 333 981 369 beatulus
1001 332 1075 368 alto

101 388 338 436 Compositus
356 387 467 433 lecto,
488 386 694 433 crassisque
714 385 852 421 lutatus
872 384 1040 429 amomis,

104 439 147 476 [n
167 447 309 488 portam
328 439 466 496 rigidos
485 438 610 474 calces
628 437 818 473 extendit:
848 444 884 473 at
905 437 1006 472 illum

103 492 280 528 Hesterni
300 490 422 539 capite
441 490 572 526 induto
592 488 741 527 subiere
759 488 941 527 Quirites.

155 543 316 591 ‘Tange
337 542 448 578 miser
468 554 594 586 venaS,
615 549 652 577 et
671 553 768 589 pone
788 541 826 576 in
845 548 996 598 pectore
1016 538 1184 575 dextram
1201 553 1206 575 ;

101 594 165 630 Nil
185 595 282 631 calet
302 593 386 630 hic:
415 605 652 640 summosque
668 593 783 640 pedes
802 593 943 640 attinge
964 603 1193 649 manusque:

101 646 189 683 Non
211 646 368 704 frigent!
425 646 516 682 Visa
535 652 589 681 est
610 645 640 680 si
658 643 749 680 forte
769 644 942 692 pecunia,
963 643 1039 679 sive

101 699 274 735 Candida
293 698 406 734 vicini
425 697 575 734 subrisit
595 694 704 733 molle.
723 696 858 745 puella,

103 750 178 787 Cor
193 750 259 786 tibi
279 748 349 786 rite
370 749 476 786 salit?
532 748 697 785 Positum
718 757 774 784 est
793 748 941 796 algente
961 747 1112 784 camino

102 801 249 838 Durum
269 802 364 847 olus,
385 809 421 838 et
440 801 564 850 populi
585 801 706 837 cribro
726 801 885 836 decussa
906 800 1024 836 farina
1041 812 1048 835 :

103 853 314 890 Tentemus
336 854 484 889 fauces:
514 861 643 889 tenero
663 853 751 888 latet
773 852 878 888 ulcus
899 853 935 887 in
957 864 1021 887 ore

103 905 346 954 Putre,‘quod
369 905 468 941 haud
489 905 621 940 deceat
641 905 789 952 plebeia
809 905 939 940 radere
960 903 1056 939 beta.

103 957 233 1007 Alges,
254 970 367 1005 quum
387 956 551 993 excussit
570 956 745 992 membris
765 964 900 992 tremor
922 955 1026 991 albus
1045 954 1178 991 aristas
1196 967 1203 990 :

103 1009 219 1046 Nunc
240 1010 319 1046 face
339 1008 528 1057 supposita
545 1008 716 1044 fervescit
735 1008 900 1056 sanguis,
921 1014 958 1043 et
976 1007 1029 1043 ira

104 1061 319 1098 Scintillam
336 1061 458 1104 oculi;
487 1061 653 1109 dicisque
674 1061 852 1108 facisque,
872 1060 970 1108 quod
992 1059 1083 1108 ipse,

103 1113 190 1150 Non
211 1113 292 1150 sani
312 1126 393 1150 esse
413 1112 587 1158 hominis,
609 1125 683 1149 non
704 1125 818 1148 sanus
833 1112 934 1161 juret
952 1111 1118 1148 Orestes.

599 1318 806 1355 SATIRA
837 1317 909 1356 IV.

155 1425 253 1461 REM
271 1425 396 1474 populi
416 1425 578 1461 tractas?
609 1424 821 1473 (barbatum
838 1424 920 1459 haeo
940 1425 1051 1460 crede
1073 1425 1290 1473 magistrum

102 1476 252 1523 Dicere,
274 1478 425 1514 sorbitio
444 1477 537 1514 tollit
556 1489 667 1524 quem
687 1477 768 1512 dira
782 1476 918 1512 cicutae
933 1477 960 1526 z)

100 1529 192 1569 Quo
214 1530 353 1566 fretus?
382 1529 443 1565 dic
464 1529 548 1574 hoc,
570 1529 695 1576 magni
716 1528 854 1577 pupille
875 1528 1020 1565 Pericli.

103 1582 258 1618 Scilicet
277 1581 471 1629 ingenium
485 1589 522 1617 et
537 1593 660 1616 rerum
677 1581 878 1628 prudentia
890 1580 995 1617 velox

104 1633 206 1669 Ante
226 1633 319 1681 pilos
339 1633 460 1669 venit:
491 1633 653 1669 dicenda
672 1633 903 1680 tacendaque
924 1633 1047 1669 calles.

102 1683 204 1734 Ergo
226 1685 288 1721 ubi
308 1685 496 1721 commota
517 1685 633 1721 fervet
653 1684 850 1733 plebecula
872 1684 956 1730 bile,

102 1735 191 1773 Fert
210 1737 357 1773 animus
376 1737 506 1772 calidae
528 1737 659 1773 fecisse
679 1737 827 1772 silentia
846 1737 962 1773 turbae

103 1787 298 1837 Majestate
319 1789 460 1826 mansis.
515 1789 621 1828 Quid
642 1789 778 1825 deinde
794 1788 946 1836 loquere
959 1790 974 1825 ’ἲ
1027 1789 1212 1835 Quirites,

102 1840 200 1887 Hoc,
220 1848 320 1899 puta,
341 1854 416 1877 non
432 1841 574 1890 justum
594 1848 674 1877 est:
705 1840 797 1876 illud
817 1840 939 1876 male:
969 1842 1108 1877 rectius
1128 1841 1230 1878 illud.

103 1893 186 1929 Scis
205 1893 344 1929 etenim
361 1893 502 1941 justum
522 1893 675 1942 gemina
695 1893 922 1941 suspendere
942 1893 1050 1929 lance

102 1944 292 1994 Ancipitis
311 1945 436 1981 librae:
465 1952 609 1981 rectum
629 1944 826 1990 discernis,
843 1945 907 1980 ubi
928 1945 1024 1981 inter

101 1996 227 2033 Curva
246 1997 358 2042 subit,
379 1997 434 2033 vel
454 2009 573 2055 quum
590 1997 680 2033 fallit
700 1997 794 2044 pede
813 1996 942 2045 regula
963 2009 1072 2034 varo:

101 2048 151 2085 Et
170 2049 264 2098 potis
284 2061 324 2085 es
343 2049 492 2097 nigrum
512 2049 599 2085 vitio
618 2048 811 2097 praefigere
832 2049 970 2085 Theta-

99 2100 208 2140 Quin
228 2108 268 2137 tu
288 2101 413 2150 igitur,
435 2101 582 2137 summa
602 2101 850 2149 nequicquam
869 2101 964 2149 pelle
980 2101 1153 2147 decorus,

102 2153 204 2189 Ante
223 2153 322 2189 diem
343 2152 480 2190 blando
500 2153 658 2190 caudam
675 2153 816 2201 jactare
835 2153 979 2201 popello

100 2203 265 2250 Desinis,
286 2205 487 2253 Anticyras
506 2205 636 2241 melior
657 2205 804 2241 sorbere
825 2217 1003 2241 meracas.

98 2256 200 2296 Quae
220 2257 287 2293 tibi
309 2269 454 2293 summa
472 2257 558 2293 boni
577 2258 656 2293 est'?
685 2256 800 2292 uncta
815 2256 948 2293 vixisse
967 2256 1103 2306 patella

103 2309 272 2357 Semper,
291 2315 328 2345 et
348 2309 497 2345 assiduo
516 2316 645 2345 curata
664 2309 829 2344 cuticula
848 2309 936 2345 sole.

101 2360 310 2409 Exspecta:
340 2360 438 2397 haud
460 2360 559 2396 aliud
581 2361 803 2408 respondeat
823 2361 904 2397 haec
924 2373 1036 2397 anus:
1068 2360 1086 2396 Ι
1106 2373 1230 2406 nunc;

102 2412 352 2449 Dinomaches
369 2424 435 2459 ego
455 2424 545 2457 sum,
565 2412 692 2448 suffla:
721 2425 798 2448 sum
818 2413 1000 2448 candidus
1013 2426 1025 2448 :
1054 2413 1145 2449 Esto
1163 2426 1169 2449 :

103 2463 203 2501 Dum
224 2477 272 2501 ne
293 2463 458 2501 deterius
473 2464 592 2512 sapiat
610 2477 808 2513 pannucea
828 2464 976 2510 Baucis,

1352 136 1405 174 99

1333 435 1406 471 105

1334 694 1408 729 111}

1363 1894 1408 1930 10

1362 2154 1407 2190 15

1355 2412 1409 2452 20
