1596 2779
334 414 399 460 A.
456 410 760 458 PERSII
823 406 1155 457 FLACCI

592 567 900 610 SATIRAE.

629 838 873 868 PROLOGUS.

358 934 447 971 Nnc
469 934 569 970 fonte
589 932 692 968 labra
711 931 830 980 prolui
847 931 1046 977 caballino,

305 987 439 1035 Neque
460 986 497 1022 in
518 984 662 1033 bicipiti
679 984 884 1020 somnifisse
906 983 1088 1020 Parnasso

308 1038 481 1082 Memini,
503 1044 542 1073 ut
563 1035 714 1084 repente
737 1035 790 1071 sic
811 1038 921 1084 poeta
941 1035 1139 1083 prodirem.

306 1089 626 1136 Heliconidasque
646 1088 895 1137 pallidumque
917 1087 1077 1123 Pirenen

308 1142 388 1179 Illis
407 1141 568 1185 remitto,
588 1153 745 1188 quorum
768 1140 950 1187 imagines
971 1139 1141 1175 lambunt
1380 1138 1406 1175 5

308 1194 470 1231 Hederae
492 1204 671 1240 sequaces
689 1204 695 1227 :
726 1192 803 1240 ipse
824 1191 1090 1239 semipaganus

309 1246 370 1282 Ad
391 1257 497 1281 sacra
517 1253 640 1279 vatum
661 1255 812 1278 carmen
838 1243 949 1278 affero
970 1250 1149 1278 nostrum.

306 1297 407 1336 Quis
427 1295 614 1344 expedivit
633 1296 791 1344 psittaco
811 1307 919 1330 suum
942 1296 1059 1344 Χαῖρε,

308 1350 491 1396 Picasque
512 1347 639 1383 docuit
660 1347 770 1383 verba
791 1354 916 1383 nostra
936 1347 1090 1383 conari?

310 1401 490 1449 Magister
512 1399 599 1435 artis
621 1399 823 1447 ingenique
843 1399 993 1446 largitor
1360 1398 1407 1435 10

308 1454 464 1496 Venter,
484 1458 639 1499 negatas
661 1451 792 1487 artifex
812 1451 914 1499 sequi
936 1463 1055 1487 voces.

307 1503 426 1544 Quod
446 1503 475 1539 si
496 1503 612 1539 dolosi
633 1516 716 1552 spes
737 1502 921 1539 refulserit
943 1502 1099 1548 nummi,

307 1557 449 1594 Corvos
466 1557 596 1603 poetas
616 1562 653 1591 et
672 1555 836 1603 poetrias
856 1554 960 1603 picas

309 1608 473 1645 Cantare
493 1607 625 1643 credas
645 1607 871 1655 Pegaseium
892 1613 1033 1642 nectar.

616 1813 823 1850 SATIRA
859 1813 889 1850 Ι.

154 1925 163 1941 ‘
177 1921 214 1958 O
234 1933 357 1958 cums
378 1919 593 1956 hominum!
625 1917 660 1953 Ο
681 1926 861 1965 quantum
882 1926 938 1954 est
958 1917 995 1953 in
1017 1918 1128 1954 rebus
1149 1917 1283 1955 inane!

101 1973 202 2013 Quis
222 1973 322 2021 leget
341 1973 422 2008 haec
433 1972 458 2007 Τ
492 1970 585 2006 Min’
603 1978 641 2006 tu
657 1970 753 2006 istud
772 1970 825 2005 ais
841 1971 854 2006 2
884 1973 892 1988 ‘
909 1969 1033 2006 Nemo
1049 1970 1225 2006 hercule!
1256 1970 1408 2007 Nemo‘!

103 2029 112 2045 ⁸
130 2025 200 2062 Vel
221 2025 309 2070 duo,
329 2024 384 2060 vel
406 2036 536 2059 nemo:
566 2030 672 2070 turpe
692 2030 728 2058 et
749 2021 982 2058 miserabile)
1038 2022 1198 2061 Quare?

103 2076 164 2114 Ne
185 2076 276 2113 mihi
297 2076 521 2124 Pulydamas
540 2082 577 2111 et
596 2074 783 2110 Troiades
804 2074 1018 2110 Labeonem

103 2128 366 2165 Praetulerint'!
396 2139 528 2176 nugae:
559 2139 647 2172 non,
669 2126 697 2162 si
719 2126 807 2174 quid
825 2126 972 2162 turbida
994 2126 1114 2163 Roma
1381 2128 1407 2163 5

104 2180 247 2226 Elevet‚
269 2180 442 2225 accedas,
463 2191 668 2214 examenve
689 2178 897 2227 improbum
918 2178 956 2214 in
978 2178 1042 2214 illa

103 2232 277 2281 Castiges
292 2232 431 2268 trutina
450 2244 457 2267 :
487 2243 558 2267 nec
578 2238 614 2266 te
634 2229 845 2279 quaesiveris
865 2229 981 2267 extra.

105 2284 204 2320 Nam
226 2284 359 2320 Romae
380 2283 463 2331 quis
483 2283 585 2319 non?
614 2283 674 2328 ah,
695 2282 725 2318 si
747 2281 802 2318 fas
822 2282 966 2319 dicere!
996 2283 1059 2319 sed
1084 2282 1138 2318 fas

104 2336 234 2382 Tunc,
253 2348 367 2384 quum
389 2335 433 2370 ad
455 2334 632 2370 canitiem
651 2341 688 2370 et
708 2342 873 2371 nostrum
895 2335 992 2371 istud
1013 2334 1134 2370 vivere
1153 2335 1257 2371 triste

106 2388 260 2436 Aspexi,
282 2395 319 2423 et
340 2386 500 2424 nucibus
521 2386 679 2422 facimus
697 2399 932 2435 quaecunque
962 2386 1114 2432 relictiz,
1363 2388 1410 2424 10

104 2440 238 2479 Quum
258 2439 422 2488 sapimus
441 2446 610 2487 patruos:
641 2446 745 2483 tunc,
766 2445 870 2483 tunc,
894 2439 1088 2487 ignoscite.
1144 2441 1153 2457 ‘
1167 2437 1290 2476 Nolo.'

104 2491 211 2533 Quid
230 2491 394 2527 faciam?
423 2490 487 2526 sed
509 2503 589 2525 sum
610 2490 790 2538 petulanti
813 2490 940 2539 splene
960 2491 1159 2527 cachinno.
