1596 2779
178 164 231 208 80
594 170 635 201 1).
660 166 787 202 JUNH
810 167 1070 202 JUVENALIS

180 263 244 299 Sic
263 277 409 312 possem
431 265 533 300 affari
551 277 558 300 :
588 264 675 311 Dic,
694 278 717 301 o
735 266 946 310 vanissime,
966 265 1048 312 quis
1067 273 1104 301 te

178 314 372 351 Festinare
389 316 522 364 jubet?
552 317 745 353 meliorem
764 325 898 365 praesto
918 317 1096 365 magistro

178 365 428 415 Discipulum.
486 369 651 404 Securus
671 369 730 404 abi
748 380 755 404 τ
785 366 960 413 vinceris,
981 375 1021 404 ut
1041 367 1139 416 Ajax

178 417 363 455 Praeteriit
382 419 644 465 Telamonem,
666 427 706 455 ut
726 419 837 456 Pelea
856 420 945 456 vicit
965 420 1146 456 Achilles.

178 468 415 506 Parcendum
436 471 596 507 teneris:
626 472 791 507 nondum
814 471 1014 520 implevere
1035 471 1218 508 medullas

178 518 338 558 Maturze
360 522 456 559 mala
476 523 663 570 nequitiae.
718 523 850 561 Quum
870 531 1019 571 pectere
1039 524 1191 560 barbam

177 573 343 622 Coeperit
363 582 400 611 et
419 575 522 623 longi
544 587 761 611 mucronem
782 576 976 612 admittere
996 575 1119 621 cultri,

178 624 311 661 Falsus
330 627 399 662 erit
417 627 534 672 testis,
555 627 690 663 vendet
708 627 868 676 perjuria
887 628 1034 663 summa

177 674 325 725 Exigua
345 684 382 714 et
401 678 550 714 Cereris
569 687 729 727 tangens
748 692 923 727 aramque
943 680 1162 728 pedemque.

177 726 322 764 Elatam
340 730 416 778 jam
437 731 548 766 crede
569 743 717 776 nurum,
739 732 767 767 si
786 732 916 767 limina
937 740 1055 767 vestra

178 779 372 817 Mortifera
393 795 479 817 cum
499 783 584 818 dote
605 782 714 818 subit.
770 783 925 821 Quibus
945 783 1006 818 illa
1026 791 1215 831 premetur

176 831 248 868 Per
268 845 441 869 somnum
462 834 610 882 digitis!
640 847 726 870 nam
747 847 829 882 quae
850 836 1023 883 terraque
1044 835 1209 883 marique

176 884 420 932 Acquirenda
439 895 558 934 putas,
580 886 723 923 brevior
743 887 800 922 via
819 888 986 923 conferet
1006 887 1068 922 illi.

177 931 315 973 Nullus
334 939 433 973 enim
455 939 580 987 magni
601 938 750 974 sceleris
767 938 881 974 labor.
937 939 1033 975 Haec
1052 951 1122 987 ego
1141 951 1331 987 nunquam

177 986 369 1034 Mandavi,
390 990 493 1025 dices
512 991 613 1035 olim,
631 1003 703 1026 nec
722 990 810 1026 talia
830 991 940 1026 suasi.

177 1034 317 1077 Mentis
337 1054 451 1077 causa
471 1043 576 1078 malae
598 1050 721 1078 tamen
742 1050 850 1078 estet
867 1043 973 1090 origo
990 1055 1105 1090 penes
1125 1049 1172 1079 te.

177 1089 276 1128 Nam
297 1093 463 1141 quisquis
484 1094 609 1141 magni
630 1094 767 1130 census
786 1094 964 1142 praecepit
983 1106 1162 1140 amorem,

176 1140 231 1181 Et
253 1147 343 1181 laevo
365 1146 507 1181 monitu
528 1158 662 1193 pueros
682 1145 854 1194 producit
874 1158 1017 1190 avaros,

176 1199 225 1235 Et
243 1198 305 1245 qui
326 1210 390 1245 per
412 1198 560 1233 fraudes
579 1197 801 1245 patrimonia
821 1197 1086 1245 conduplicare

177 1250 252 1287 Dat
271 1249 492 1295 libertatem,
513 1257 551 1285 et
570 1258 665 1286 totas
684 1250 843 1286 effundit
865 1250 1031 1285 habenas

176 1302 397 1338 Curriculo:
427 1314 536 1350 quem
557 1302 587 1337 si
608 1315 772 1347 revoces,
793 1302 992 1338 subsistere
1013 1301 1149 1348 nescit,

176 1355 225 1391 Et
244 1362 279 1390 te
295 1350 513 1401 'contempto
532 1354 671 1402 rapitur
692 1354 872 1402 metisque
892 1354 1042 1389 relictis.

176 1406 300 1442 Nemo
321 1404 410 1442 satis
430 1406 548 1442 credit
564 1405 710 1442 tantum
732 1406 962 1454 delinquere,
981 1403 1164 1453 quantum

176 1458 374 1495 Permittas
392 1471 399 1493 :
428 1456 522 1493 adeo
543 1458 741 1506 indulgent
760 1457 829 1493 sibi
849 1456 960 1494 latius
979 1458 1061 1506 ipsi.

174 1511 306 1550 Quum
328 1510 421 1546 dicis
439 1510 580 1558 juveni,
601 1510 767 1554 stultum,
787 1510 849 1558 qui
871 1511 984 1546 donet
1004 1510 1141 1555 amico,

174 1563 255 1602 Qui
276 1570 530 1610 paupertatem
553 1563 649 1598 levet
669 1561 882 1609 attollatque
902 1562 1121 1610 propinqui;

176 1615 223 1650 Et
243 1614 402 1662 spoliare
422 1615 551 1659 doces,
571 1622 607 1650 et
627 1614 949 1658 circumscribere,
966 1621 1002 1650 et
1020 1614 1123 1650 omni

175 1667 343 1702 Crimine
364 1666 509 1702 divitias
529 1667 735 1713 acquirere,
753 1678 908 1714 quarum
929 1678 1030 1702 amor
1050 1666 1088 1702 in
1108 1674 1158 1711 te,

173 1719 353 1757 Quantus
373 1725 452 1754 erat
472 1719 597 1766 patriae
619 1718 821 1753 Deciorum
843 1718 880 1753 in
901 1724 1063 1765 pectore,
1084 1716 1267 1765 quantum

175 1771 318 1807 Dilexit
338 1770 506 1814 Thebas,
526 1771 555 1806 si
575 1769 723 1806 Graecia
745 1782 842 1814 vera,
865 1768 1111 1805 Menoeceus:

177 1822 222 1858 In
243 1834 399 1870 quorum
421 1822 533 1858 sulcis
553 1822 718 1869 legiones
739 1822 913 1857 dentibus
933 1821 1066 1868 anguis

176 1874 274 1910 Cum
296 1874 435 1922 clypeis
456 1881 674 1918 nascuntur,
695 1882 731 1909 et
754 1873 903 1909 horrida
923 1873 1019 1908 bella
1038 1881 1243 1922 capessunt

176 1925 383 1971 Continuo,
400 1934 575 1974 tanquam
597 1934 632 1962 et
653 1926 806 1961 tubicen
827 1926 1031 1961 surrexerit
1051 1924 1139 1961 una.

174 1977 277 2027 Erga}
297 1979 436 2026 ignem,
457 1978 565 2025 cujus
585 1978 765 2014 scintillas
785 1978 862 2026 ipse
883 1977 1032 2022 dedisti,

176 2030 417 2079 Flagrantem
437 2028 509 2065 late
531 2037 566 2065 ct
587 2030 791 2077 rapientem
813 2036 952 2065 cuncta
971 2029 1124 2077 videbis.

176 2082 260 2117 Nec
282 2082 346 2118 tibi
367 2090 539 2130 parcetur
561 2082 707 2126 misero,
728 2081 986 2129 trepidumque
1008 2081 1225 2129 magistrum

176 2134 220 2170 In
242 2135 357 2170 cavea
379 2146 518 2181 magno
539 2133 685 2169 fremitu
707 2134 765 2170 leo
783 2133 884 2169 tollet
904 2132 1088 2169 alumnus.

228 2185 330 2222 Nota
351 2185 624 2221 mathematicis
643 2186 792 2233 genesis
808 2194 894 2221 tua:
922 2185 987 2221 sed
1007 2197 1118 2233 grave
1138 2185 1264 2222 tardas

176 2238 405 2286 Exspectare
425 2237 540 2273 colus.
597 2237 773 2274 Morieris
793 2238 950 2274 stamine
967 2237 1136 2273 nondum

176 2291 359 2338 Abrupto.
416 2289 501 2326 Jam
524 2302 626 2326 nunc
645 2290 770 2326 obstas
788 2298 826 2326 et
845 2296 927 2325 vota
946 2289 1125 2325 moraris:

175 2342 260 2377 Jam
282 2350 425 2390 torquet
442 2342 615 2390 juvenem
636 2341 747 2390 longa
766 2350 801 2378 et
817 2341 968 2377 cervina
987 2349 1174 2377 senectus.

174 2392 296 2430 Ocius
317 2394 560 2442 Archigenen
580 2406 716 2441 qua-re,
738 2402 846 2442 atque
865 2406 961 2439 eme,
981 2394 1078 2441 quod
1095 2392 1334 2430 Mithridates

176 2446 408 2494 Composuit,
429 2446 458 2481 si
481 2447 533 2482 vis
552 2446 661 2482 aliani
684 2447 886 2494 decerpere
907 2445 1032 2491 ficum,

178 2499 300 2546 Atque
322 2498 413 2534 alias
432 2505 591 2535 tractare
610 2511 723 2534 rosas.
782 2497 1022 2534 Medicamen
1043 2498 1258 2534 habendum
1277 2505 1346 2545 est,

1407 472 1486 509 215

1411 731 1489 768 220

1411 991 1491 1027 225

1410 1220 1491 1288 2'30

1412 1510 1492 1547 235

1411 1769 1491 1806 240

1411 2029 1437 2066 10

1439 2029 1492 2065 ἐξ

1412 2289 1492 2326 250
