1596 2779
158 144 183 180 4
575 144 617 174 D.
641 144 768 175 JUN11
792 145 1051 177 JUVENALIS

154 237 400 276 Quadrantes
418 237 553 274 lectica
574 239 677 286 petit,
698 240 935 287 sequiturque
957 240 1129 277 maritum

156 289 366 337 Languida,
391 289 442 324 vel
465 303 674 339 praegnanS‚
695 299 732 327 et
751 292 1045 328 circumducitur
1065 305 1167 329 uxor.

157 340 234 376 Hic
253 341 344 389 petit
364 341 521 387 absenti,
543 343 632 379 nota
648 343 724 390 jam
741 344 897 379 callidus
917 352 1007 388 arte,

156 392 374 428 Ostendens
396 406 549 429 vacuam
570 402 604 430 et
626 395 790 430 clausam
812 408 877 444 pro
897 396 1056 443 conjuge
1076 396 1216 433 sellam.

157 444 264 480 Galla
285 457 366 481 mea
386 453 454 490 est,
475 445 616 494 inquit..
662 446 786 483 Citius
805 448 960 483 dimitte.
1018 445 1207 484 Moraris'?

157 496 300 542 Profer,
321 497 444 542 Galla,
465 506 587 546 caput.
645 497 733 534 Noli
754 512 906 541 vexare;
937 499 1108 546 quiescit.

211 547 296 596 Ipse
316 549 396 584 dies
416 549 570 597 pulchro
590 550 831 599 distinguitur
850 551 980 587 ordine
1002 564 1124 587 rerum
1144 565 1151 588 :

159 599 346 648 Sportula,
369 601 505 637 deinde
527 602 659 647 forum,
678 603 843 651 jurisque
864 603 1004 651 peritus
1026 603 1174 651 Apollo,

158 652 283 699 Atque
304 653 559 701 triumphales,
582 655 677 690 inter
697 668 787 702 quas
807 668 920 690 ausus
941 655 1076 691 habere

158 703 300 741 Nescio
319 705 399 752 quis
419 706 544 741 titulos
564 706 763 755 [Egyptius
784 716 893 754 atque
914 707 1217 743 Arabarches.—

158 756 363 792 Vestibulis
383 757 521 793 abeunt
542 767 684 794 veteres
703 759 861 806 lassique
881 759 1050 804 clientes,

158 808 328 856 Votaque
349 810 553 857 deponunt,
573 823 783 868 quanquam
804 811 1020 859 longissima
1039 823 1156 846 coenae

159 860 253 908 Spes
274 861 426 897 homini.
483 862 621 898 Caules
641 863 786 898 miseris
806 870 915 910 atque
936 862 1033 909 ignis
1052 863 1244 900 emendus

159 912 315 961 Optima
335 914 511 949 silvarum
533 915 674 950 interea
693 915 887 963 pelagique
910 915 1049 951 vorabit

158 964 246 1000 Rex
266 965 410 1011 horum,
433 967 632 1014 vacuisque
652 967 740 1003 toris
759 965 904 1003 tantum
926 968 1002 1015 ipse
1018 966 1167 1015 jacebit.

158 1016 259 1053 Nam
281 1018 327 1053 de
347 1026 397 1054 tot
419 1018 598 1066 pulchris,
617 1028 655 1055 et
673 1019 758 1055 latis
777 1020 943 1064 orbibus,
969 1027 1006 1055 et
1024 1026 1099 1054 tam

158 1069 349 1117 Antiquis‚
372 1083 447 1106 uua
469 1072 672 1107 comedunt
692 1071 915 1119 patrimonia
934 1083 1075 1106 mensa.

158 1121 296 1157 Nullus
312 1122 388 1170 jam
408 1123 592 1170 parasitus
611 1124 700 1160 erit!
733 1124 808 1159 Sed
829 1124 910 1171 quis
931 1124 1021 1159 ferat
1044 1123 1130 1158 istas

159 1173 335 1210 Luxuriae
356 1175 509 1211 sordes?
563 1175 721 1214 Quanta
739 1184 793 1211 est
814 1176 913 1223 gula,
933 1188 1014 1223 quae
1036 1175 1105 1210 sibi
1126 1182 1221 1212 totos

158 1225 269 1262 Ponit
289 1239 406 1274 apros,
429 1227 565 1263 animal
586 1236 733 1276 propter
754 1228 924 1263 convivia
944 1227 1093 1263 natum!

158 1278 274 1314 Poena
294 1286 418 1315 tamen
436 1293 612 1328 praesens,
633 1292 747 1328 quum
770 1289 809 1315 tu
830 1280 986 1327 deponis
1005 1279 1163 1315 amictus

158 1329 366 1379 Turgidus,
388 1340 425 1367 et
444 1333 600 1367 crudum
622 1345 803 1380 pavonem
834 1332 872 1367 in
894 1332 1026 1367 balnea
1047 1339 1178 1379 portas.

157 1382 262 1418 Hinc
282 1383 412 1419 subitae
434 1391 582 1429 mortes,
604 1391 713 1432 atque
730 1384 904 1420 intestata
923 1391 1110 1420 senectus.

157 1434 193 1471 It
213 1449 319 1480 nova,
341 1448 412 1471 uec
433 1437 558 1482 tristis,
579 1449 643 1484 per
663 1444 820 1472 cunctas
837 1437 960 1472 fabula
980 1448 1127 1472 coenas:

156 1486 317 1524 Ducitur
338 1488 439 1524 iratis
458 1489 712 1537 plaudendum
734 1489 845 1524 funus
865 1490 1005 1525 amicis.

209 1539 274 1576 Nil
295 1542 364 1577 erit
385 1541 550 1586 ulterius,
571 1541 669 1589 quod
689 1541 825 1576 nostris
844 1541 1010 1577 moribus
1032 1539 1143 1577 addat

156 1592 376 1629 Posteritas:
406 1594 538 1629 eadem
561 1593 714 1641 cupient
735 1593 946 1641 facientque
970 1594 1145 1631 minores.

155 1645 309 1681 Omne
303 1658 339 1680 in
357 1645 537 1694 praecipiti
559 1645 687 1681 vitium
708 1646 820 1681 stetit.
878 1645 991 1682 Utere
1013 1647 1125 1689 velis;

156 1697 276 1733 Totos
296 1698 417 1745 pande
438 1698 552 1733 sinus.
609 1697 726 1734 Dicas
747 1697 808 1733 hic
830 1698 994 1743 forsitan,
1017 1699 1116 1735 unde

156 1749 357 1798 Ingenium
380 1763 444 1797 par
462 1750 652 1786 materiai?
684 1750 783 1785 unde
805 1750 866 1785 illa
886 1750 1049 1798 priorum

157 1802 355 1837 Scribendi
376 1802 626 1850 quodcunque
644 1803 769 1839 animo
790 1801 970 1850 flagrante
992 1802 1123 1839 liberet

157 1854 400 1901 Simplicitas,
421 1854 529 1902 cujus
550 1867 624 1890 non
646 1854 767 1890 audeo
786 1855 912 1890 dicere
933 1856 1100 1891 nomen?

154 1905 262 1945 Quid
283 1906 394 1942 refert
414 1906 524 1942 dictis
544 1907 714 1955 ignoscat
735 1905 900 1951 Mucius,
921 1919 968 1942 an
990 1908 1092 1943 non?

155 1958 259 1994 Pone
280 1958 538 2007 Tigellinum:
568 1959 667 1994 taeda
687 1959 830 1994 lucebis
851 1959 889 1994 in
910 1959 986 2004 illa,

153 2010 246 2049 Qua
266 2018 405 2047 stantes
425 2011 569 2055 ardent,
590 2012 651 2058 qui
673 2011 744 2046 fixo
764 2018 912 2057 gutture
933 2011 1089 2057 fumant,

155 2062 205 2098 Et
223 2063 336 2098 latum
358 2063 482 2098 media
498 2063 643 2098 sulcum
666 2063 813 2098 diducis
829 2063 955 2098 arena.

153 2114 235 2153 Qui
255 2115 358 2150 dedit
377 2128 465 2163 ergo
485 2115 604 2150 tribus
623 2115 763 2162 patruis
783 2115 943 2159 aconita,
965 2115 1119 2151 vehatur

157 2166 367 2203 Pensilibus
387 2167 535 2214 plumis
556 2175 665 2214 atque
687 2166 791 2202 illinc
811 2167 993 2214 despiciat
1013 2167 1106 2202 nos?

153 2218 287 2257 Quum
309 2219 431 2267 veniet
450 2217 594 2262 contra,
615 2219 732 2266 digito
751 2231 947 2266 compesce
967 2218 1142 2254 labellum
1158 2230 1166 2254 :

155 2271 365 2306 Accusator
387 2271 468 2315 erit,
489 2271 549 2317 qui
573 2270 726 2307 verbum
747 2271 893 2315 dixerit,
915 2271 975 2306 hic
994 2278 1059 2306 est.

155 2322 322 2358 Securus
342 2323 430 2359 licet
450 2322 599 2358 AEneau
621 2322 881 2370 Rutulumque
903 2322 1063 2358 ferocem

155 2374 400 2411 Committas:
432 2375 523 2410 nulli
543 2375 666 2422 gravis
683 2383 739 2410 est
758 2387 957 2422 percussus
978 2375 1162 2421 Achilles,

155 2426 233 2462 Aut
255 2426 414 2463 multum
434 2427 610 2474 quaesitus
630 2427 748 2473 Hylas
768 2439 973 2474 urnamque
993 2434 1155 2463 secutus.

157 2477 257 2514 Ense
279 2479 378 2515 velut
397 2479 526 2515 stricto
545 2479 689 2526 quoties
710 2478 879 2514 Lucilius
900 2479 1035 2515 ardens

1396 346 1469 382 115

1392 605 1468 641 120

1397 864 1470 901 125

1397 1125 1471 1161 130

1395 1385 1469 1422 135

1396 1646 1470 1683 140

1395 1906 1470 1944 145

1394 2167 1468 2203 150

1393 2426 1468 2463 155
