1596 2779
661 119 823 151 smum
849 119 889 151 v.
1378 119 1426 157 19

121 214 312 261 Dicturus,
333 223 506 262 tanquam
528 222 564 250 et
584 214 738 250 diversis
758 215 922 262 partibus
940 212 1040 251 orbis

121 268 248 304 Anxia
266 266 446 316 praecipiti
467 266 627 303 venisset
652 266 805 314 epistola
825 267 952 314 pinna.

175 319 298 367 Atque
321 319 461 355 utinam
482 318 538 354 his
557 316 679 366 potius
699 318 809 366 nugis
829 325 904 354 tota
926 318 986 354 ille
1007 315 1172 352 dedisset

121 370 312 419 Tempora
331 371 494 416 saevitiae,
515 370 634 405 claras
646 369 786 417 quibus
806 369 957 406 abstulit
977 368 1083 415 Urbi,
1352 367 1425 404 150

125 422 360 470 [ilustresque
381 422 524 458 animas
545 422 709 469 impune,
727 428 762 456 et
783 422 930 457 vindice
953 421 1054 457 nullo
1072 422 1079 458 !

122 475 197 511 Sed
223 475 343 523 periit,
363 482 557 522 postquam
577 473 801 508 cerdonibus
821 485 902 509 esse
923 473 1110 510 timendus

121 526 295 576 Coeperat
312 538 319 561 :
350 527 421 562 hoc
440 525 569 562 nocuit
589 524 803 560 Lamiarum
823 525 926 561 caede
951 526 1128 562 madenti.

626 733 834 770 SATIRA
864 731 909 770 V.

175 839 217 874 S1
236 845 272 874 te
292 838 467 886 propositi
487 838 652 874 nondum
674 838 800 886 pudet,
821 846 930 886 atque
951 839 1082 874 eadem
1104 846 1160 875 est
1178 850 1299 885 mens,

120 889 171 926 Ut
190 890 287 926 bona
307 903 452 926 summa
470 897 590 938 putes,
612 890 734 925 aliena
756 890 877 926 vivere
896 891 1037 938 quadra
1055 903 1062 934 ;

121 941 163 978 Si
182 950 287 990 potes
307 942 368 978 illa
387 942 474 990 pati,
495 954 576 989 quae
598 954 667 977 nec
689 943 908 978 Sarmentus
929 941 1075 990 iniquas

119 994 280 1030 Caesaris
300 995 345 1030 ad
366 1006 527 1039 mensas,
548 1006 619 1029 nec
641 993 718 1028 vilis
737 994 858 1029 Galba
878 994 1044 1030 tulisset:

118 1046 306 1085 Quamvis
322 1046 444 1095 jurato
464 1053 626 1081 metuam
648 1045 713 1081 tibi
735 1046 886 1081 credere
907 1046 1001 1082 testi.

123 1097 262 1137 Ventre
284 1098 374 1134 nibil
395 1097 479 1134 novi
503 1098 693 1146 frugalius
751 1097 835 1133 Hoc
855 1105 979 1134 tamen
996 1098 1117 1146 ipsum

121 1149 314 1186 Defecisse
335 1157 435 1198 puta,
456 1150 552 1198 quod
576 1150 676 1185 inani
694 1150 830 1185 sufficit
846 1150 927 1186 alvo
944 1162 951 1185 ;

120 1200 235 1237 Nulla
255 1201 406 1250 crepido
429 1202 558 1238 vacat?
588 1214 770 1249 nusquam
790 1215 896 1249 pons,
916 1210 953 1238 et
972 1202 1105 1249 tegetis
1131 1215 1215 1252 pars

121 1253 289 1289 Dimidia
306 1253 476 1289 brevior?
533 1253 699 1289 Tantine
721 1254 854 1302 injuria
875 1255 1019 1290 coenae‘?

119 1305 218 1341 Tam
235 1306 364 1355 jejuna
384 1305 510 1346 fames,
540 1318 657 1353 quum
687 1306 744 1354 pol
765 1306 811 1341 sit
832 1306 1022 1342 honestius
1042 1306 1119 1343 illic
1378 1305 1425 1343 10

120 1356 168 1394 Et
187 1365 356 1403 tremere,
377 1365 414 1394 et
433 1359 559 1394 sordes
579 1358 684 1394 farris
704 1358 872 1393 mordere
893 1358 1046 1394 canini?

172 1409 296 1446 Primo
317 1410 389 1459 fige
409 1410 503 1455 loco,
524 1408 623 1458 quod
644 1418 684 1446 tu
704 1410 940 1446 discumbere
956 1411 1082 1459 jussus

120 1460 338 1498 Mercedem
357 1462 512 1498 solidam
534 1470 698 1498 veterum
719 1462 821 1511 capis
839 1463 1057 1500 officiorum.

120 1513 281 1550 Fructus
301 1513 474 1550 amicitiae
495 1527 640 1562 magnae
662 1514 769 1549 cibus
787 1527 794 1549 :
826 1514 982 1563 imputat
1003 1516 1104 1552 hunc
1123 1528 1201 1562 reX‚

120 1565 179 1611 Et,
202 1567 369 1614 quamvis
389 1579 526 1611 rarum,
547 1574 671 1602 tamen
693 1566 859 1615 imputat.
917 1565 1017 1615 Ergo
1040 1568 1134 1603 duos
1154 1574 1236 1617 post
1377 1568 1424 1603 15

120 1617 159 1653 Si
180 1618 288 1654 libuit
308 1631 457 1654 menses
477 1618 690 1666 neglectum
712 1618 887 1654 adhibere
908 1619 1098 1665 clientem,

119 1669 252 1706 Tertia
272 1683 319 1706 ne
340 1683 457 1706 vacuo
477 1678 639 1706 cessaret
659 1670 797 1705 culcita
816 1670 912 1707 lecto
929 1684 937 1715 ;

121 1720 204 1758 Una
224 1722 351 1768 simus,
372 1722 432 1758 ait.
492 1722 670 1758 Votorum
691 1723 856 1758 summa!
887 1722 993 1762 Quid
1014 1722 1111 1760 ultra

116 1773 298 1812 Quaeris?
354 1774 479 1810 Habet
499 1774 675 1819 Trebius,
697 1782 842 1823 propter
862 1775 959 1822 quod
980 1788 1152 1824 rumpere
1172 1787 1344 1812 somnum

118 1825 276 1872 Debeat,
297 1834 333 1862 et
352 1826 486 1875 ligulas
507 1827 706 1872 dimittere,
729 1827 923 1872 sollicitus,
946 1840 994 1863 ne
1372 1828 1425 1864 20

118 1877 219 1915 Tota
238 1879 430 1914 salutatrix
447 1878 522 1926 jam
544 1879 651 1914 turba
671 1879 856 1927 peregerit
874 1880 1001 1915 orbem

118 1930 316 1966 Sideribus
335 1931 470 1975 dubiis,
493 1938 556 1966 aut
577 1930 638 1966 illo
657 1938 836 1979 tempore,
856 1944 928 1978 quo
948 1944 987 1967 se

119 1981 270 2030 Frigida
291 1982 553 2030 circumagunt
573 1983 666 2030 pigri
687 1995 835 2018 sarraca
866 1982 1004 2019 Bootae.

115 2033 254 2073 Qualis
274 2047 383 2070 coena
403 2035 557 2070 tamen?
613 2035 766 2080 Vinum,
787 2035 885 2082 quod
906 2035 1059 2071 succida
1079 2035 1172 2072 nolit

118 2085 223 2122 Lana
243 2087 316 2135 pati
336 2099 343 2122 :
374 2087 419 2122 de
439 2087 595 2122 conviva
615 2086 829 2134 Corybanta
850 2087 1004 2123 videbis.
1373 2088 1425 2125 25

118 2136 250 2186 Jurgia
270 2139 491 2186 proludunt;
523 2139 587 2174 sed
608 2151 693 2174 mox
718 2146 754 2174 et
774 2139 908 2187 pocula
927 2147 1045 2187 torqu‘
1059 2152 1076 2174 s

117 2191 291 2236 Saucius,
308 2199 345 2227 et
364 2191 475 2227 rubra
495 2191 666 2239 deterges
687 2191 837 2227 vulnera
857 2191 1003 2240 mappa,

119 2241 220 2278 Inter
242 2256 303 2279 vos
323 2243 467 2291 quoties
487 2243 777 2290 libertorumque
797 2244 986 2279 cohortem

118 2294 250 2343 Pugna
271 2295 482 2343 Saguntina
504 2295 620 2331 servet
638 2294 836 2331 commissa
855 2295 1002 2343 lagena.

118 2345 203 2395 Ipse
223 2347 395 2395 capillato
415 2346 591 2382 diffusum
613 2347 765 2382 consule
785 2355 899 2395 potat,
1374 2348 1426 2386 30

117 2397 385 2447 Calcatamque
405 2406 508 2435 tenet
527 2399 633 2454 bejllis
653 2398 854 2434 socialibus
874 2411 996 2445 uvam,

117 2449 301 2488 Cardiaco
321 2463 510 2499 nunquam
527 2451 702 2498 cyathum
724 2450 903 2487 missurus
923 2452 1055 2489 amico.
