1596 2779
608 151 771 182 SATIRA
798 151 895 182 XIV.

95 246 244 283 Patrem
264 247 398 295 ipsum,
418 246 637 294 turbamque
659 258 769 290 casm,
789 247 863 293 qua
885 246 971 282 foeta
985 245 1136 294 jacebat

95 299 209 344 Uxor,
229 307 266 336 et
286 299 446 334 infantes
466 298 646 334 ludebant
665 305 833 345 quatuor,
855 310 952 333 unus

95 350 276 395 Vernula,
298 359 372 386 tres
390 349 553 386 domini:
583 350 647 384 sed
668 349 814 397 magnis
835 350 1007 385 fratribus
1027 349 1173 395 horum,

94 403 130 439 A
152 403 283 438 scrobe
304 403 359 438 vel
379 402 484 438 sulco
503 401 760 445 redeuntibus,
782 401 895 437 altera
915 413 1022 437 coena

98 454 265 502 Amplior
284 462 321 490 et
339 454 501 502 grandes
522 453 714 488 fumabant
733 453 898 500 pultibus
916 453 1010 489 ollae.

94 506 210 542 Nunc
231 506 363 542 modus
384 505 444 541 hic
465 504 545 553 agri
565 512 690 541 nostro
710 517 784 540 non
805 505 942 540 sufficit
963 505 1079 541 horto.

93 556 189 594 Inde
212 556 287 593 fere
310 557 494 593 scelerum
514 569 650 601 causoe,
671 568 742 592 nec
762 556 868 603 plura
888 569 1032 592 venena

94 608 260 654 Miscuit,
281 618 345 645 aut
365 609 460 645 ferro
479 618 667 657 grassatur
687 606 823 656 saepius
844 608 961 643 ullum

93 661 281 697 Humanae
306 661 440 697 mentis
461 660 603 706 vitium,
623 658 735 708 quam
761 672 857 695 saeva
876 660 1013 708 cupido

92 712 270 750 Indomiti
291 713 450 753 census:
480 725 566 748 nam
587 712 690 748 dives
709 712 770 759 qui
793 711 871 747 fieri
892 711 982 757 vult,

91 765 140 801 Et
159 764 234 802 cito
255 765 331 801 vult
350 764 440 801 fieri.
498 765 573 800 Sed
593 776 674 812 quae
694 764 898 799 reverentia
917 764 1055 812 legum,

90 816 191 855 Quis
211 824 332 852 metus
353 824 415 853 aut
434 817 552 865 pudor
571 823 628 852 est
647 828 812 863 unquam
832 816 1062 864 properantis
1081 816 1180 852 avari
1196 817 1211 853 ἵ

93 868 215 905 vivite
235 869 401 905 contenti
423 868 560 904 casulis
579 875 615 904 et
634 868 794 903 collibus
814 868 905 913 istis,

90 919 126 956 Ο
145 921 264 969 pueri,
288 920 434 956 Marsus
455 920 604 955 dicebat
623 927 660 955 et
681 919 871 955 Hernicus
890 919 977 955 olim

91 972 343 1020 Vestinusque
363 985 477 1008 senex
494 985 502 1015 ;
533 984 666 1019 panem
687 984 896 1019 quaeramus
915 979 1048 1017 aratro,

89 1023 170 1062 Qui
192 1022 283 1060 satis
303 1032 358 1060 est
378 1023 518 1059 mensis
538 1036 546 1058 t
576 1023 730 1059 laudaut
751 1024 822 1059 hoc
843 1023 998 1058 numina
1017 1023 1127 1069 ruris,

89 1075 264 1115 Quorum
285 1088 355 1123 ope
375 1083 413 1112 et
432 1075 583 1120 auxilio,
603 1082 717 1123 gratae
738 1082 819 1122 post
839 1088 975 1111 munus
996 1076 1129 1121 aristae‚

89 1128 326 1175 Contingunt
347 1127 487 1163 homini
509 1127 641 1163 veteris
663 1127 809 1162 fastidia
828 1127 999 1174 quercus.

90 1178 155 1215 Nil
177 1180 330 1215 vetitum
353 1180 485 1215 fecisse
503 1179 610 1224 volet,
627 1191 738 1226 quem
760 1192 835 1215 non
856 1179 970 1227 pudet
989 1178 1062 1215 alto

89 1230 160 1267 Per
179 1232 339 1280 glaciem
361 1244 499 1280 perone
519 1231 595 1279 tegi
612 1244 620 1274 ;
649 1231 711 1278 qui
733 1231 929 1267 submovet
948 1230 1070 1267 Euros

90 1282 253 1319 Pellibus
274 1283 438 1319 inversis.
498 1283 698 1331 Peregrina
720 1283 919 1331 ignotaque
941 1283 1048 1319 nobis

90 1335 151 1371 Ad
171 1335 294 1372 scelus
315 1343 423 1383 atque
444 1335 561 1380 nefas,
583 1347 819 1392 quaecunque
839 1343 907 1381 est,
928 1348 1091 1383 purpura
1110 1335 1226 1372 ducit.

141 1387 236 1423 Haec
258 1388 309 1424 illi
332 1395 472 1424 veteres
491 1395 677 1436 praecepta
697 1387 903 1423 minoribus
922 1400 929 1422 z
961 1394 997 1423 at
1018 1400 1120 1423 nunc

88 1438 175 1475 Post
195 1439 307 1476 finem
327 1440 496 1476 autumni
518 1440 641 1475 media
661 1440 707 1475 de
727 1447 837 1476 nocte
857 1439 1033 1487 supinum

86 1491 284 1528 Clamosus
299 1493 476 1541 juvenem
496 1500 599 1540 pater
618 1492 756 1527 excitat
773 1504 780 1526 2
810 1492 956 1540 Accipe
976 1504 1083 1528 ceras

88 1543 233 1589 Scribe,
254 1557 360 1593 puer,
382 1544 503 1592 vigila,
523 1556 656 1579 causas
678 1556 759 1591 age,
780 1543 931 1591 perlege
950 1544 1080 1580 rubras

88 1594 275 1644 Majorum
297 1597 411 1644 leges
433 1605 494 1632 aut
515 1597 624 1632 vitem
646 1608 757 1644 posce
779 1595 912 1631 libello.

87 1648 162 1684 Sed
184 1656 295 1696 caput
316 1649 495 1684 intactum
519 1648 616 1683 buxo
636 1660 817 1695 naresque
837 1648 972 1695 pilosas

89 1700 268 1744 Annotet,
290 1709 326 1736 et
345 1701 507 1749 grandes
528 1699 682 1735 miretur
705 1699 843 1735 Laelius
864 1700 951 1735 alas.

87 1750 205 1787 Dirue
226 1751 445 1788 Maurorum
466 1752 635 1800 attegias,
657 1751 810 1787 castella
831 1752 1066 1800 Brigantum,

86 1803 136 1839 Ut
156 1804 378 1852 locupletem
399 1803 560 1852 aquilam
581 1804 647 1840 tibi
668 1804 924 1851 sexagesimus
944 1816 1067 1840 annus

87 1855 253 1899 Afferat;
284 1864 359 1901 aut,
381 1856 511 1904 longos
531 1864 740 1892 castrorum
762 1856 856 1891 ferre
877 1856 1022 1892 labores

87 1907 127 1942 Si
148 1908 249 1956 piget
270 1915 307 1943 et
326 1908 513 1956 trepidum
534 1908 681 1943 solvunt
701 1908 767 1943 tibi
787 1920 928 1943 cornua
949 1915 1116 1943 ventrem

86 1958 184 1994 Cum
204 1960 305 1995 lituis
325 1960 464 2003 audita,
486 1972 605 2007 parem,
626 1960 724 2007 quod
748 1960 909 1995 vendere
929 1960 1049 2008 possis

86 2009 208 2047 Pluris
228 2012 397 2056 dimidio,
419 2024 489 2048 nec
510 2019 546 2048 te
567 2011 711 2047 fastidia
732 2012 867 2047 mercis

88 2063 206 2099 Ullius
226 2064 386 2100 subeant
405 2064 625 2111 ablegandae
646 2062 817 2099 Tiberim
838 2063 934 2100 ultra
951 2075 958 2098 :

85 2114 172 2151 Neu
193 2116 324 2153 credas
344 2116 559 2165 ponendum
582 2116 721 2163 aliquid
744 2116 973 2152 discriminis
993 2115 1090 2152 inter

85 2167 300 2216 Unguenta,
320 2175 358 2204 et
373 2169 527 2205 corium.
585 2168 698 2204 Lucri
720 2169 839 2204 bonus
857 2176 913 2204 est
931 2168 1021 2204 odor
1041 2181 1088 2204 ex
1105 2181 1145 2205 re

83 2219 278 2258 Qualibet.
336 2219 405 2256 Illa
424 2228 487 2257 tuo
507 2220 691 2256 sententia
712 2233 858 2268 semper
880 2220 918 2256 in
937 2232 1001 2256 ore

85 2271 278 2318 Versetur,
299 2271 358 2309 dis
377 2281 487 2320 atque
508 2273 587 2321 ipso
607 2272 699 2308 Jove
721 2272 847 2320 digna,
867 2275 1011 2321 poetae:

85 2323 194 2361 Unde
216 2325 366 2368 habeas,
386 2325 518 2372 quaerit
538 2337 671 2368 nemo;
702 2325 766 2360 sed
785 2332 929 2373 oportet
949 2324 1098 2360 habere.

86 2375 171 2412 Hoc
192 2385 399 2413 monstrant
421 2377 551 2412 vetuloe
571 2378 696 2425 pueris
716 2377 930 2425 repentibus
950 2388 1042 2413 assae
1061 2388 1068 2412 :

86 2427 172 2464 Hoc
191 2429 340 2466 discunt
356 2442 488 2465 onmes
508 2437 594 2465 aute
614 2428 723 2477 alpha
742 2437 780 2465 et
799 2429 882 2466 beta
901 2429 1046 2478 puellae.

86 2480 246 2517 Talibus
267 2482 468 2518 instantem
489 2481 640 2518 monitis
658 2494 922 2530 quemcunque
942 2488 1135 2530 parentem

1357 154 1410 192 79

1335 402 1408 438 170

1333 662 1406 698 175

1331 921 1405 958 180

1329 1180 1403 1217 185

1329 1441 1402 1477 190

1328 1701 1402 1737 195

1320 2219 1399 2257 205
