1596 2779
646 168 809 200 SATIRA
836 168 879 199 11.

110 262 325 308 Instemuit,
348 264 454 300 rubet
474 263 632 308 auditor,
653 263 714 299 cui
735 263 869 308 frigida
889 274 994 298 mens
1014 267 1071 297 est

108 316 350 360 Criminibus,
377 315 490 352 tacita
510 315 646 351 sudant
663 315 870 362 praecordia
889 313 1012 362 culpa.

109 365 204 403 Inde
228 368 303 413 irae,
323 374 360 403 et
381 368 564 414 lacrymae.
621 365 771 402 Tecum
791 365 895 413 prius
914 363 1004 413 ergo
1021 364 1149 400 voluta

110 418 205 454 Haeo
225 420 350 455 animo
370 427 455 455 ante
475 419 605 454 tubas:
635 418 820 466 galeatum
843 416 926 453 sero
948 416 1062 452 duelli

109 470 281 507 Poenitet.
338 470 531 518 Experiar,
553 470 641 517 quid
662 470 892 505 concedatur
915 470 952 505 in
975 469 1068 514 illos,

107 522 281 561 Quorum
302 522 490 559 Flaminia
509 521 647 570 tegitur
666 522 762 557 cinis
781 529 892 569 atque
913 520 1059 557 Latina.

628 729 832 766 SATIRA
866 729 918 765 II.

161 833 300 870 Umu
320 833 560 870 Sauromatas
580 834 707 882 sugere
728 834 817 869 hinc
836 834 927 869 libet
947 841 982 870 et
1002 833 1199 882 glacialem

108 886 322 930 Oceanum,
342 886 486 932 quoties
507 886 646 933 aliquid
667 886 713 921 de
735 886 900 921 moribus
921 886 1075 931 audent,

108 937 190 977 Qui
210 937 344 973 Curios
363 937 550 982 simulant,
571 945 608 973 et
626 937 879 973 Bacchanalia
899 938 1036 974 vivunt.

110 989 258 1025 Indocti
278 987 439 1037 primum
458 1002 465 1033 ;
495 1001 707 1036 quanquam
727 989 837 1037 plena
856 990 982 1025 omnia
1002 1003 1117 1038 gypso

109 1041 308 1090 Chrysippi
328 1041 506 1078 invenias
548 1041 647 1077 Nam
667 1041 959 1089 perfectissimus
980 1043 1110 1078 'norum
1130 1049 1198 1087 est,

111 1093 151 1129 Si
172 1093 254 1141 quis
273 1093 515 1130 Aristotelem
535 1093 693 1129 similem
714 1093 768 1128 vul
792 1093 961 1130 Pittacon
983 1094 1095 1143 emit,-

110 1144 159 1181 Et
175 1145 280 1193 jubet
299 1145 518 1193 archetypos
537 1145 702 1193 pluteum
725 1158 870 1181 servare
887 1146 1102 1182 Cleanthas.

110 1196 240 1243 Fronti
261 1196 362 1232 nulla
383 1197 486 1233 fides.
542 1197 642 1236 Quis
662 1198 761 1232 enim
783 1210 857 1233 non
878 1198 982 1233 vicus
1003 1198 1170 1234 abundat

110 1247 301 1284 Tristibus
320 1249 532 1285 obscoenis?
589 1249 761 1297 Castigas
781 1250 903 1297 turpia
916 1251 983 1285 t—

109 1299 332 1348 Loripedem
353 1309 476 1337 rectus
495 1301 674 1345 derideat,
697 1301 912 1350 AEthiopem
933 1302 1049 1338 albus.

107 1352 208 1391 Quis
228 1352 353 1388 tulerit
371 1353 565 1389 Gracchos
586 1354 632 1389 de
653 1354 836 1389 seditione
856 1355 1084 1402 querentes?

106 1405 209 1444 Quis
228 1404 365 1440 coelum
385 1406 492 1441 terris
505 1419 580 1442 non
601 1406 768 1451 misceat,
789 1414 826 1441 et
845 1419 946 1442 mare
967 1407 1074 1452 coelo,

110 1457 151 1492 Si
172 1456 228 1492 fur
249 1457 443 1505 displiceat
463 1458 570 1493 Verri
584 1459 598 1494 ’ἔ
629 1459 816 1494 homicida
837 1457 998 1495 Miloni?

108 1508 264 1545 Clodius
283 1517 434 1545 accuset
454 1511 644 1546 moechos?
700 1510 862 1546 Catilina
881 1511 1120 1560 Cethegum?

110 1560 154 1596 In
175 1561 338 1597 tabulam
361 1561 474 1597 Sullae
494 1562 524 1598 si
545 1563 672 1598 dicant
692 1563 864 1610 discipuli
885 1564 981 1598 tres?

106 1612 244 1652 Qualis
263 1620 342 1649 erat
361 1625 478 1660 nuper
499 1614 640 1661 tragico
658 1614 820 1662 pollutus
839 1615 983 1651 adulter

109 1664 338 1709 Concubitu,
359 1665 420 1712 qui
441 1674 531 1701 tunc
551 1666 652 1713 leges
672 1666 869 1702 revocabat
888 1679 1032 1703 amaras

108 1716 308 1763 Omnibus,
329 1724 437 1763 atque
458 1717 545 1765 ipsis
566 1718 705 1754 Veneri
728 1717 912 1766 Martique
932 1718 1185 1755 timendas.—

109 1768 249 1805 Nonne
270 1768 381 1817 igitur
398 1769 480 1816 jure
501 1782 544 1805 ac
565 1770 697 1806 merito
716 1771 803 1807 vitia
822 1771 952 1807 ultima
972 1771 1078 1807 fictos

109 1820 368 1857 Contemnunt
390 1821 565 1867 Scauros,
586 1830 622 1858 et
642 1823 823 1870 castigata
843 1823 1086 1860 remordent?

161 1872 250 1908 Non
270 1872 353 1908 tulit
371 1886 417 1908 ex
437 1873 508 1909 illis
527 1882 670 1910 torvum
692 1874 885 1911 Lauronia
903 1875 1092 1922 quendam

109 1924 345 1960 Clamantem
365 1925 495 1960 toties:
525 1925 597 1962 Ubi
619 1938 719 1962 nunc
740 1926 799 1962 lex
819 1926 946 1962 Julia‘?
976 1926 1141 1963 dormis?

110 1977 170 2012 Ad
192 1988 302 2024 quem
323 1976 521 2012 subridens
539 1990 546 2012 :
578 1977 721 2013 Felicia
740 1986 918 2026 tempora,
940 1990 1021 2026 quae
1041 1986 1077 2014 te

110 2027 280 2064 Moribus
298 2030 510 2076 opponunt!
544 2029 692 2065 Habeat
708 2030 784 2078 jam
806 2030 930 2066 Roma
948 2030 1128 2078 pudorem
1145 2030 1153 2066 ἱ

110 2079 264 2116 Tertius
283 2093 303 2116 e
324 2080 418 2116 coelo
438 2081 574 2117 cecidit
595 2081 700 2117 Cato.
759 2082 834 2117 Sed
854 2089 981 2118 tamen
1002 2083 1103 2118 unde

111 2132 206 2168 Haec
226 2132 332 2177 emis,
354 2132 496 2168 hirsuto
515 2133 656 2180 spirant
674 2134 912 2181 opobalsama
931 2134 1027 2170 collo

109 2183 209 2222 Quae
229 2183 321 2220 tibi?
377 2183 438 2219 Ne
458 2185 597 2232 pudeat
615 2185 807 2221 dominum
830 2193 1035 2222 monstrare
1055 2185 1232 2222 tabernae.

109 2233 227 2275 Quod
247 2235 277 2271 si
298 2243 476 2271 vexantur
496 2237 598 2285 leges
619 2249 663 2273 ac
679 2238 776 2286 jura,
797 2238 902 2274 citari

111 2288 212 2324 Ante
231 2299 362 2323 omnes
382 2288 494 2324 debet
515 2289 692 2325 Scatinia.
750 2289 916 2338 Respice
934 2288 1111 2338 primum,

110 2339 159 2376 Et
178 2347 344 2376 scrutare
365 2340 482 2376 viros:
513 2340 656 2377 faciunt
677 2341 714 2377 hi
734 2341 863 2389 plura;
893 2342 957 2378 sed
979 2342 1059 2378 illos

110 2390 293 2427 Defendit
311 2404 503 2438 numerus,
519 2392 733 2440 junctaeque
755 2394 915 2430 umbone
934 2394 1153 2441 phalanges.

113 2441 253 2491 Magna
273 2443 368 2479 inter
389 2443 518 2480 molles
536 2445 748 2481 concordia.
804 2445 892 2482 Non
913 2446 982 2482 erit
1002 2445 1118 2481 ullum

112 2494 334 2543 Exemplum
355 2495 392 2531 in
409 2503 534 2583 npjtro
553 2504 629 2533 tam
649 2497 866 2534 detestabile
886 2510 1044 2534 sexu.—

1350 413 1423 451 160

1374 1302 1423 1353 ιο

1374 1563 1421 1606 15

1367 1822 1420 1860 20

1367 2339 1420 2377 30
