1596 2779
149 135 201 174 56
564 138 604 169 Ι).
629 138 753 169 suxi}
779 139 1036 170 seramus

202 230 403 278 Eloquium
426 245 469 267 ac
487 233 622 268 faniam
644 233 908 269 Demosthenis
929 243 991 270 aut
1011 233 1207 270 Ciceronis

149 280 288 331 Incipit
305 292 445 331 optare,
466 292 502 320 et
522 284 606 320 totis
625 284 928 333 Quinquatribus
947 294 1061 333 optat,

149 334 333 382 Quisquis
353 335 476 371 adhuc
498 348 573 372 uno
593 344 732 384 partam
754 338 843 373 colit
859 350 940 373 asse
962 337 1184 383 Minervam,

148 385 277 424 Quem
297 387 462 435 sequitur
482 396 607 424 custos
627 397 795 436 angustae
817 390 969 425 vernula
989 401 1122 437 capsae.

151 436 308 486 Eloquio
328 439 391 474 sed
411 447 563 486 uterque
583 439 679 487 perit
693 448 814 477 orator
831 454 838 476 :
869 449 1065 489 utrumque

149 487 294 538 Largus
313 499 349 526 et
369 492 563 526 exundans
582 491 656 527 leto
677 492 778 528 dedit
798 492 939 541 ingenii
960 493 1050 529 fons.

149 540 308 589 Ingenio
328 555 461 578 manus
480 551 535 580 est
555 551 591 579 et
610 544 735 579 cervix
754 557 870 587 caesa;
900 557 971 580 nec
991 557 1156 592 unquam

150 593 347 642 Sanguine
367 595 548 631 causidici
569 596 793 631 maduerunt
813 604 928 633 rostra
947 596 1082 645 pusilli.

148 643 185 679 O
206 645 429 682 fortunatam
451 655 574 683 natam
596 660 654 683 me
675 648 828 684 consule
849 648 1011 684 Romam

149 697 294 733 Antoni
314 698 459 746 gladios
479 700 598 747 potuit
620 708 873 745 contemnere,
895 700 924 736 si
945 700 999 736 sic

148 747 290 785 Omnia
310 751 471 786 dixisset.
529 750 707 787 Ridenda
726 754 898 800 poemata
917 751 1029 797 malo,

147 799 280 838 Quam
301 809 336 838 te
357 803 584 850 conspicuaz
605 802 730 838 divina
750 803 973 852 Philippica,
996 804 1116 849 famae,

149 851 320 889 Volveris
341 868 360 890 a
382 854 500 903 prima
520 867 602 902 quae
622 855 800 903 proxima.
859 856 987 891 Saevus
1007 862 1044 891 et
1065 855 1169 891 illum

148 903 281 941 Exitus
301 906 448 954 eripuit,
469 919 577 954 quem
599 907 828 943 mirabantur
850 908 1012 943 Athena—:¹

149 956 390 1003 Torrentem,
412 966 447 993 et
467 958 567 1006 pleni
589 959 842 995 moderantem
865 959 978 995 sraena
997 959 1143 995 theatri.

149 1007 220 1044 Dis
240 1009 301 1045 ille
322 1011 485 1046 adversis
505 1011 669 1058 genituS,
690 1011 836 1059 fatoque
858 1011 1019 1056 sinistro,

147 1059 276 1098 Quem
298 1070 402 1110 pater
421 1062 585 1098 ardentis
605 1075 736 1098 massae
757 1063 912 1111 fuligine
932 1063 1053 1111 lippus

150 1112 185 1147 A
206 1113 381 1159 carbone,
403 1122 439 1149 et
460 1114 673 1162 forcipibus,
693 1115 909 1162 gladiosque
927 1121 1082 1163 parante

149 1163 308 1210 Incude‘‚
328 1174 364 1202 et
384 1166 483 1202 luteo
502 1166 676 1203 Vulcano
696 1167 740 1202 ad
759 1167 906 1202 rhetora
926 1167 1037 1202 misit.

201 1216 390 1254 Bellorum
412 1218 568 1263 exuviae,
588 1219 731 1254 truncis
752 1219 861 1254 affixa
880 1219 1027 1267 tropaeis

149 1267 297 1315 Lorica,
317 1278 354 1306 et
375 1270 490 1306 fracta
511 1271 558 1306 de
578 1271 724 1306 casside
746 1270 905 1306 buccula
924 1271 1108 1319 pendens,

150 1319 204 1359 Et
224 1329 370 1358 curtum
392 1330 541 1358 temone
557 1322 703 1372 jugum,
725 1323 903 1371 victaeque
923 1322 1083 1359 triremis

149 1374 341 1424 Aplustre,
362 1382 399 1410 et
420 1387 564 1411 summo
585 1375 698 1410 tristis
718 1374 885 1423 captivus
903 1375 939 1410 in
962 1387 1065 1420 arcu,

149 1426 337 1464 Humanis
357 1426 495 1474 majora
516 1427 621 1462 bonis
642 1427 868 1462 creduntur:
899 1427 944 1462 ad
967 1428 1046 1462 haec
1066 1439 1105 1462 se

149 1479 362 1524 Romanus,
383 1479 607 1526 Graiusque,
627 1491 671 1514 ac
693 1479 870 1514 barbarus
896 1479 1143 1527 endoperator

149 1531 302 1574 Erexit;
333 1543 467 1566 causas
487 1531 714 1567 discriminis
734 1540 843 1578 atque
869 1531 1004 1567 laboris

149 1582 245 1620 Inde
268 1583 407 1619 habuit.
464 1582 591 1619 Tanto
610 1583 726 1631 major
747 1583 852 1618 famae
873 1583 952 1618 sitis
972 1590 1040 1627 est,
1059 1580 1171 1629 quam

148 1635 317 1672 Virtutis.
373 1634 474 1673 Quis
494 1635 593 1670 enim
619 1635 791 1670 virtutem
813 1635 1047 1682 amplectitur
1068 1635 1200 1682 ipsam,

149 1688 308 1729 Praemia
328 1687 357 1722 si
378 1687 513 1723 tollas?
560 1687 723 1722 Patriam
744 1693 868 1722 tamen
888 1686 1011 1722 obruit
1030 1686 1117 1722 olim

148 1740 277 1777 Gloria
295 1751 515 1787 paucorum,
536 1746 573 1775 et
592 1738 712 1774 laudis
732 1738 904 1786 titulique
925 1738 1063 1786 cupido

150 1792 300 1828 Haesuri
321 1791 418 1826 saxis
438 1791 606 1826 cinerum
627 1790 866 1834 custodibus;
896 1791 939 1826 ad
961 1802 1042 1838 quae

149 1844 399 1880 Discutienda
420 1843 542 1878 valent
562 1843 695 1878 sterilis
716 1843 813 1878 mala
833 1842 964 1879 robora
984 1841 1078 1878 ficus
1096 1854 1103 1877 ε

149 1896 469 1943 Quandoquidem
489 1895 573 1930 data
595 1902 681 1930 sunt
701 1894 789 1942 ipsis
808 1906 953 1942 quoque
974 1894 1047 1929 fata
1067 1893 1258 1942 sepulcris.

150 1947 333 1996 Expende
355 1947 636 1982 Hannibalem:
666 1954 751 1994 quot
773 1947 885 1982 libras
907 1947 941 1982 in
963 1946 1059 1982 duce
1080 1958 1227 1981 summo

151 1999 354 2036 Invenies?
385 1999 445 2034 liic
465 2006 533 2043 est,
555 2011 663 2046 quem
687 2012 761 2034 non
783 1999 881 2047 capit
902 1998 1032 2034 Africa
1052 1997 1187 2034 Mauro

153 2052 340 2088 Percussa
360 2049 531 2095 Oceano⁷
552 2050 715 2097 Niloque
737 2051 886 2086 admota
901 2050 1056 2098 tepenti,

152 2104 302 2141 Rursus
323 2103 369 2139 ad
391 2103 610 2152 lEtliiopum
631 2102 798 2151 populos,
820 2102 984 2150 altosque
1005 2101 1235 2151 elephantos,

156 2156 321 2192 Additur
342 2155 507 2203 imperiis
528 2154 713 2203 Hispania
731 2167 738 2190 :
768 2154 988 2202 Pyrenaeum

155 2207 368 2244 Transsilit.
425 2206 611 2255 Opposuit
632 2215 764 2243 natura
785 2206 994 2255 Alpemque
1015 2206 1238 2254 nivemque:

152 2260 310 2297 Diducit
330 2259 513 2307 scopulos,
534 2266 571 2295 et
591 2267 755 2295 montem
776 2258 913 2307 rumpit
933 2265 1049 2294 aceto.

152 2311 238 2348 Jam
261 2319 364 2348 tenet
384 2311 550 2347 Italiam:
581 2318 706 2346 tamen
741 2309 835 2347 ultra
857 2322 1011 2359 pergere
1031 2309 1161 2346 tendit.

154 2364 309 2409 Actum,
331 2363 460 2411 inquit,
482 2363 572 2399 nihil
594 2370 662 2408 est,
685 2363 755 2399 nisi
777 2363 894 2399 Poeno
913 2362 1029 2398 milite
1050 2369 1173 2410 portas

154 2415 392 2464 Frangimus,
413 2423 449 2452 et
469 2415 593 2451 media
613 2415 785 2451 vexillum
805 2427 904 2463 pono
924 2414 1084 2450 Subura.

154 2468 191 2505 O
209 2468 329 2516 qualis
349 2468 476 2514 facies,
496 2475 533 2504 et
551 2467 651 2515 quali
667 2467 782 2516 digna
801 2466 953 2512 tabella,

1382 286 1455 322 115

1383 543 1457 580 120

1383 802 1457 840 125

1384 1061 1459 1098 130

1386 1321 1460 1358 135

1387 1581 1461 1618 140

1386 1841 1461 1878 145

1388 2101 1463 2138 150

1388 2361 1462 2398 155
