1596 2779
613 147 773 177 SATfflA
799 145 880 176 XII.

98 244 175 281 Sed
195 243 282 280 vitio
301 243 392 279 caeci
412 250 558 290 propter
578 240 798 288 patrimonia
818 239 954 273 vivunt.

99 295 269 331 Jactatur
289 306 411 330 rerum
432 293 579 328 utilium
599 305 681 339 pars
702 291 884 326 maxima:
913 289 978 325 sed
999 300 1071 324 nec

100 346 249 382 Damna
268 346 401 381 levant.
457 343 585 388 Tunc,
606 342 768 378 adversis
788 340 1020 388 urgentibus,
1041 338 1131 375 illuc

101 397 268 442 Recidit,
289 404 327 432 ut
346 396 484 431 malum
504 394 598 430 ferro
618 392 864 436 submitteret,
886 405 930 427 ac
949 404 988 427 se

101 449 272 497 Explicat
291 455 500 495 angustum.
557 443 796 480 Discriminis
817 443 945 478 ultima
963 442 1112 490 quando

104 500 281 536 Praesidia
300 498 500 541 afferimus,
521 508 654 532 navem
676 495 1032 530 factura-minorem.

104 551 121 587 I
142 563 257 596 nunc,
277 556 314 585 et
334 549 452 585 ventis
471 547 634 584 animam
654 545 857 590 committe,
878 545 1002 581 dolato

103 601 278 638 Confisus
299 601 414 648 ligno,
436 599 561 647 digitis
582 611 603 634 a
622 605 738 634 morte
759 604 921 633 remotus

101 653 289 697 Quatuor,
309 658 373 688 aut
392 658 546 699 septem,
567 649 597 685 si
617 650 663 684 sit
681 648 859 684 latissima
878 647 995 684 taeda!

104 703 195 740 Mox
213 716 300 739 cum
320 702 497 747 reticulis,
517 709 554 738 et
573 713 680 749 pane,
702 708 738 736 et
759 706 885 735 ventre
905 699 1062 746 lagenae,

105 756 270 803 Adspice
290 755 489 790 sumendas
509 753 548 789 in
568 759 784 800 tempestate
804 763 965 786 secures.

106 807 180 842 Sed
200 813 391 854 postquam
408 805 525 853 jacuit
544 804 697 852 planum
716 814 829 846 mare,
850 809 1016 849 tempora
1034 808 1230 849 postquam

105 858 286 905 Prospera
303 857 471 900 vectoris,
489 856 676 902 fatumque
697 853 879 889 valentius
900 853 1000 888 Euro

106 909 154 945 Et
173 909 316 956 pelago,
336 916 527 955 postquam
549 906 675 941 Parcae
696 905 848 940 meliora
869 904 1031 951 benigna

105 960 225 997 Pensa
246 971 359 994 manu
378 959 522 994 ducunt
541 957 686 1001 hilares,
707 964 744 992 et
763 955 931 991 staminis
953 955 1025 991 albi

105 1011 296 1056 Lanificae,
317 1010 466 1046 modica
481 1022 551 1045 nec
571 1006 727 1044 multum
750 1008 873 1043 fortior
893 1007 983 1042 aura

106 1063 252 1098 Ventus
271 1062 375 1098 adest
392 1074 400 1096 :
430 1061 529 1109 inopi
550 1060 769 1096 miserabilis
789 1067 865 1095 arte
885 1058 1051 1095 cucurrit

106 1113 284 1150 Vestibus
303 1113 474 1157 extentis,
494 1120 544 1157 et,
564 1111 660 1158 quod
682 1118 917 1158 superaverat
936 1122 1066 1155 unum,

106 1165 200 1202 Velo
221 1177 334 1213 prora.
345 1177 423 1200 suo.
479 1163 563 1199 Jam
584 1162 844 1198 deficientibus
864 1162 1025 1207 Austris,

107 1216 201 1265 Spes
221 1216 302 1252 vitae
322 1228 407 1251 cum
429 1215 503 1251 sole
524 1215 639 1250 redit:
668 1221 745 1249 tum
766 1221 890 1261 gratus
911 1213 1006 1258 Iulo,

107 1268 232 1315 Atque
251 1267 438 1304 novercali
458 1267 564 1302 sedes
583 1266 732 1314 praelata
751 1265 904 1309 Lavino,

107 1319 346 1367 Conspicitur
364 1318 532 1354 sublimis
553 1329 657 1365 apex,
678 1317 739 1352 cui
760 1317 919 1352 candida
938 1328 1076 1352 nomen

109 1371 239 1407 Scrofa
257 1370 372 1416 dedit,
392 1370 485 1406 laetis
504 1369 714 1417 Phrygibus
734 1368 901 1404 mirabile
922 1380 1068 1413 sumen,

109 1422 157 1459 Et
176 1434 366 1470 nunquam
385 1422 471 1457 visis
490 1421 641 1469 triginta
660 1421 760 1456 clara
779 1420 963 1456 mamillis,

109 1473 284 1510 Tandem
305 1474 415 1510 intrat
433 1473 570 1521 positas
590 1472 733 1508 inclusa
753 1485 815 1520 per
837 1484 982 1518 aequora
1001 1471 1130 1516 moles,

109 1525 419 1574 Tyrrhenamque
440 1525 600 1569 Pharon,
620 1532 861 1572 porrectaque
883 1524 1033 1559 brachia
1052 1535 1212 1569 rursum,

108 1578 208 1616 Quae
228 1577 359 1625 pelago
378 1584 581 1612 occurrunt
600 1576 735 1620 medio,
755 1573 940 1623 longeque
961 1575 1177 1622 relinquunt

111 1628 270 1665 Italiam.
326 1627 413 1664 Non
434 1628 487 1663 sic
507 1627 619 1676 igitur
638 1627 819 1663 mirabere
839 1634 976 1674 portus,

109 1681 219 1720 Quos
238 1687 369 1716 natura
388 1680 499 1715 dedit.
557 1679 632 1715 Sed
652 1680 785 1715 trunca
805 1691 926 1727 puppe
948 1678 1124 1727 magister

112 1731 293 1768 Interiora
311 1732 401 1780 petit
420 1731 571 1767 Baianae
590 1731 714 1779 pervia
733 1731 875 1777 cymbae

111 1783 204 1820 Tuti
223 1791 354 1832 stagna
375 1783 489 1819 sinus.
545 1783 722 1818 Gaudent
742 1782 792 1818 ibi
812 1784 948 1819 vertice
967 1795 1048 1818 raso

110 1835 271 1871 Garrula
289 1835 410 1870 securi
431 1847 580 1870 narrare
600 1834 764 1882 pericula
783 1841 917 1871 nautae.

113 1886 170 1923 Ite
190 1887 313 1935 igitur,
332 1887 449 1934 pueri,
469 1886 607 1934 linguis
627 1886 832 1933 animisque
853 1885 1030 1931 faventes,

115 1939 293 1986 Sertaque
314 1938 478 1974 delubris
498 1945 535 1973 et
554 1937 649 1973 farra
668 1938 845 1985 imponite
866 1938 1007 1983 cultris,

114 1990 175 2026 Ac
195 1990 324 2026 molles
342 1997 470 2026 ornate
491 1989 591 2025 socos
611 1989 831 2037 glebamque
847 1990 1048 2026 virentem:

113 2041 137 2077 J
141 2054 198 2077 arn
220 2053 366 2090 sequar,
385 2048 422 2077 et
440 2053 557 2086 sacro,
577 2041 674 2088 quod
694 2048 854 2088 praestat,
875 2040 944 2077 rite
965 2048 1129 2090 peracto,

115 2092 210 2129 Inde
231 2094 382 2129 domum
402 2100 578 2140 repetam,
598 2092 755 2140 graciles
777 2093 971 2141 ubiqarva
989 2106 1146 2129 coronas

121 2144 323 2193 Accipiunt
342 2144 461 2192 fragili
481 2144 681 2180 simulacra
700 2144 856 2180 nitentia
874 2145 972 2180 cera.

118 2195 194 2232 Hie
214 2204 378 2232 nostrum
397 2196 552 2244 placabo
572 2195 716 2241 Jovem,
736 2196 946 2244 laribusque
966 2195 1132 2245 paternis

119 2247 249 2284 Thura
270 2248 381 2293 dabo,
402 2255 510 2295 atque
529 2260 659 2284 omnes
681 2247 787 2283 violae
803 2248 951 2296 jactabo
970 2248 1124 2285 colores.

117 2299 266 2335 Cuncta
285 2299 426 2335 nitent:
455 2300 583 2348 longos
603 2299 719 2335 erexit
735 2299 851 2347 janua
869 2313 1003 2346 ramoS,

118 2350 166 2386 Et
185 2351 375 2387 matutinis
393 2359 563 2398 operatur
584 2351 677 2387 festa
695 2351 869 2387 lucernis.

171 2401 254 2438 Nec
275 2410 447 2451 suspecta
465 2402 531 2438 tibi
551 2403 624 2438 sint
644 2404 737 2447 haec,
755 2402 926 2439 Corvine.
983 2403 1168 2451 Catullus,

120 2452 190 2490 Pro
210 2454 315 2502 cujus
335 2454 454 2490 reditu
474 2462 526 2490 tot
545 2467 642 2502 pono
662 2455 803 2501 altaria,
823 2468 952 2503 parvos

1345 143 1396 179 67

1346 286 1398 322 50

1352 799 1404 835 60

1355 1056 1407 1092 65

1358 1316 1410 1353 70

1361 1575 1412 1610 75
