1596 2779
639 154 803 185 SATIRA
827 153 854 184 1.
1344 159 1397 197 93

89 248 248 299 Pinguis
267 247 503 297 aqualiculus
521 260 705 297 propenso
722 246 946 305 sesquipede
966 254 1096 284 exstet.

87 301 125 338 Ο
142 301 252 346 Jane,
282 313 304 337 a
322 309 427 349 tergo
446 312 554 346 quem
575 299 677 335 nulla
696 299 845 335 ciconia
860 299 988 347 pinsit,

89 352 174 390 Nec
194 365 327 389 manus
348 352 535 388 auriculas
555 351 699 387 imitata
717 358 774 387 est
793 351 940 387 mobilis
959 350 1064 397 altas,

90 404 174 442 Nec
193 405 344 453 linguae,
364 402 547 452 quantum
562 402 662 439 sitiat
681 402 786 438 canis
807 403 970 457 Appula,
991 401 1158 440 tantum!
1345 405 1396 440 60

89 456 180 502 Vos,
200 456 236 492 O
255 456 433 505 patricius
452 455 619 503 sanguiS,
638 467 730 511 quos
750 454 871 490 vivere
893 454 946 491 sas
965 462 1021 491 est

88 487 255 557 Ooc’ipiti
276 520 390 551 caeco,
409 507 562 555 posticae
581 506 769 542 occurrite
790 518 930 542 sannae.

131 560 241 599 Quis
260 559 386 608 populi
407 571 528 595 sermo
542 559 624 594 est?
651 559 735 606 quis
754 558 854 594 enim
868 559 882 593 Ί
911 557 983 593 nisi
1003 559 1173 595 carmina
1194 557 1296 596 molli

90 610 207 648 Nunc
226 611 378 647 demum
399 622 555 646 numero
576 609 704 655 fluere,
725 617 766 646 ut
785 622 850 658 per
870 609 950 645 leve
970 622 1117 646 severos

90 663 271 700 Effundat
286 663 465 711 junctura
485 674 632 710 ungues
650 674 657 697 :
688 662 758 697 scit
777 661 931 698 tendere
953 673 1098 698 versum
1345 665 1396 696 (Ξ.)

90 713 178 752 Non
198 727 319 761 secuS‚
340 727 384 751 ac
403 715 433 750 si
453 714 564 751 oculo
583 713 771 750 rubricam
791 713 926 762 dirigat
946 725 1033 750 uno.

90 768 177 804 Sive
195 780 289 816 opus
306 767 344 803 in
366 778 499 811 mores,
521 767 558 802 in
579 766 722 811 luxum,
746 766 781 801 in
802 765 961 813 prandia
982 777 1130 814 regum,

92 819 240 865 Dicere,
257 831 316 854 res
334 819 496 867 grandes
516 826 641 854 nostro
656 818 719 853 dat
740 817 852 853 Musa
870 820 1002 865 poetae.

142 870 245 907 Ecce
266 869 377 906 modo
399 871 530 906 heroas
549 882 681 905 sensus
703 869 834 905 afferre
862 869 1030 905 videmus

89 921 234 972 Nugari
254 921 380 958 solitos
398 920 547 966 Graeoe,
567 934 639 957 nec
659 933 796 968 ponere
817 919 943 955 lucum
1344 922 1395 958 70

90 975 278 1021 Artifices,
298 985 369 1010 nec
389 986 451 1009 rus
470 981 638 1009 saturum
657 972 825 1017 laudare,
846 972 909 1007 ubi
935 971 1080 1018 corbes,

89 1027 138 1063 Et
158 1027 275 1072 focus,
295 1034 332 1062 et
350 1025 466 1074 porci,
486 1033 524 1062 et
545 1025 689 1060 fumosa
708 1023 842 1060 Palilia
862 1024 983 1059 foeno:

88 1079 199 1116 Unde
221 1078 380 1122 Remus,
400 1077 578 1124 sulcoque
598 1083 723 1112 terens
742 1075 919 1120 dentalia,
939 1074 1092 1121 Quinti,

87 1130 222 1170 Quum
243 1129 386 1178 trepida
406 1136 493 1164 ante
515 1129 625 1164 boves
644 1128 865 1164 dictatorem
885 1127 1006 1162 induit
1026 1139 1131 1174 uxor,

88 1182 138 1219 Et
156 1189 220 1218 tua
243 1188 362 1217 aratra
378 1181 531 1217 domum
552 1179 659 1216 lictor
679 1179 761 1215 tulit
778 1192 784 1214 :
815 1191 911 1226 euge
930 1179 1063 1226 poeta!
1343 1180 1395 1217 75

140 1233 208 1270 Est
228 1245 343 1277 nunc,
363 1232 504 1268 Briseis
524 1243 635 1279 quem
657 1243 813 1267 venosus
833 1230 925 1266 liber
942 1229 1052 1276 Acci,

88 1286 199 1330 Sunt,
219 1297 311 1332 quos
331 1283 591 1331 Pacuviusque
611 1290 648 1319 et
668 1294 866 1318 verrucosa
893 1289 1055 1318 moretur

89 1337 268 1385 Antiopa,
289 1335 462 1371 aerumnis
479 1348 540 1371 cor
559 1333 797 1383 luctificabile
806 1332 930 1382 fulta.

88 1389 171 1425 Hos
189 1388 314 1437 pueris
335 1386 497 1424 monitus
515 1395 637 1435 patres
657 1385 854 1422 infundere
874 1385 992 1434 lippos

86 1440 221 1479 Quum
242 1439 380 1485 videas,
401 1438 601 1486 quaerisne,
624 1438 725 1474 unde
747 1438 827 1474 haec
841 1445 988 1495 sartago
1007 1430 1184 1485 loquendi
1342 1438 1394 1475 80

87 1491 274 1529 Venerit
265 1505 303 1528 in
323 1491 498 1540 linguas.
486 1491 501 1517 'l
531 1491 631 1526 unde
652 1490 750 1526 istud
772 1489 951 1534 dedecuS‚
972 1489 1010 1524 in
1029 1501 1104 1537 quo

87 1543 292 1581 Trossulus
312 1543 472 1579 exsultat
490 1543 557 1578 tibi
576 1555 640 1590 per
661 1541 836 1577 subsellia
858 1541 974 1576 levis?

88 1595 203 1632 Nilne
222 1596 349 1644 pudet,
370 1594 483 1642 capiti
503 1607 578 1630 non
598 1606 704 1642 posse
724 1593 889 1641 pericula
908 1604 1005 1629 cano

88 1648 244 1693 Pellere,
264 1647 356 1695 quin
376 1646 542 1695 tepidum
563 1647 633 1682 hoc
652 1653 756 1694 optes
776 1645 918 1690 audire,
939 1646 1182 1681 DECENTER'?

141 1698 219 1734 Fur
237 1712 291 1744 es,
312 1699 362 1735 ait
382 1698 508 1734 Pedio.
565 1698 704 1734 Pedius
723 1697 839 1745 quid?
868 1696 1026 1733 crimina
1045 1696 1137 1733 rasis
1340 1697 1392 1734 85

87 1751 215 1787 Librat
236 1751 274 1788 in
294 1750 508 1787 antithetis:
537 1750 665 1786 doctas
685 1750 851 1797 posuisse
871 1748 1008 1797 figuras

87 1802 301 1839 Laudatur:
332 1801 470 1838 bellum
490 1802 562 1839 hoc
579 1814 587 1837 ε
617 1802 688 1838 hoc
709 1801 846 1837 bellum
860 1800 873 1836 ‘3
903 1813 964 1845 an,
985 1800 1164 1846 Romule,
1180 1801 1316 1837 ceves‘!

88 1854 190 1891 Men’
213 1854 385 1891 moveat?
414 1853 549 1902 quippe
569 1861 618 1897 et,
639 1860 765 1889 cantet
784 1853 814 1888 si
834 1852 1052 1900 naufragus,
1074 1864 1195 1888 assem

87 1906 335 1943 protulerim?
364 1914 505 1951 cantas,
525 1917 641 1953 quum
662 1905 779 1941 fracta
798 1911 834 1940 te
855 1904 892 1940 in
912 1904 1018 1940 trabe
1037 1903 1181 1952 pictum

86 1958 145 1995 Ex
165 1959 320 1995 humero
339 1965 473 2007 portes.
529 1957 686 2002 Verum,
709 1969 780 1992 nec
801 1964 911 1992 nocte
933 1964 1102 2004 paratum
1339 1956 1391 1992 90

86 2010 263 2056 plorabit,
284 2010 346 2058 qui
368 2022 425 2045 me
446 2009 542 2045 volet
561 2009 776 2044 incurvasse
796 2007 958 2056 querela.
1175 2041 1178 2044 ,
1345 2006 1348 2009 ’

140 2062 215 2098 Sed
236 2061 402 2098 numeris
421 2061 535 2097 decor
553 2068 610 2097 est
629 2068 666 2097 et
682 2061 858 2109 junctura
878 2059 1004 2095 addita
1025 2059 1162 2096 crudis.

85 2114 272 2151 Claudere
292 2113 347 2150 sic
367 2125 514 2149 versum
543 2113 686 2159 didicit,
706 2111 980 2160 Berecynthius
1000 2111 1114 2147 Attin
1127 2124 1139 2147 .·

85 2165 147 2212 Et,
172 2165 253 2209 Qui
273 2165 464 2201 coeruleum
482 2164 680 2201 dirimebat
700 2163 826 2200 Nerea
845 2163 1016 2212 delphin.-

86 2218 164 2263 Sic,
200 2217 349 2254 costam
368 2217 476 2264 longo
495 2216 731 2252 subduximus
752 2215 962 2264 Apennino.
1339 2216 1391 2252 90

85 2268 208 2305 Arma
225 2269 358 2314 virum,
378 2281 504 2304 nonne
523 2269 595 2304 hoc
614 2279 830 2316 spumosum
851 2274 888 2303 et
907 2267 1046 2304 cortice
1065 2267 1223 2316 pingui?

84 2320 134 2358 Ut
154 2320 292 2358 ramale
312 2327 417 2357 vetus
436 2320 645 2369 praegrandi
665 2319 798 2355 subere
818 2326 979 2355 coctum.

83 2372 280 2412 Quidnam
302 2372 413 2421 igitur
432 2379 616 2417 tenerum,
637 2379 674 2408 et
692 2371 776 2407 laxa
796 2371 942 2407 cervice
961 2370 1191 2419 legendum?

93 2423 220 2460 Torva
240 2423 490 2460 Mimalloneis
509 2423 709 2472 implerunt
728 2435 868 2458 cornua
887 2422 1044 2458 bombis:

85 2475 144 2512 Et
164 2481 312 2524 raptum
331 2475 447 2511 vitulo
468 2481 582 2523 caput
601 2475 777 2510 ablatura
797 2474 950 2523 superbo
1319 2474 1392 2511 100

85 2527 285 2574 Bassaris,
305 2532 340 2563 et
361 2526 524 2576 Lync-em
543 2526 688 2562 Moenas
698 2525 850 2575 flexura
869 2525 1049 2574 corymbis
