1596 2779
168 152 219 189 64
568 151 606 182 D.
631 151 756 182 JUNH
781 150 1037 183 JUVL‘NALIS

170 243 357 293 Tempora
378 244 569 289 viderunt;
605 246 670 281 hos
691 246 834 293 lignum
855 246 975 281 stabat
996 245 1033 280 in
1054 257 1153 290 usus,

171 297 364 332 Annosam
385 296 414 331 si
437 297 527 332 forte
549 309 684 332 nucem
702 297 887 344 dejecerat
907 296 1041 331 Eurus.

172 347 222 382 At
243 360 343 383 nunc
363 348 536 382 divitibus
556 348 730 383 coenandi
750 347 851 383 nulla
870 348 1048 395 voluptaS,
1394 345 1468 383 120

171 396 234 433 Nil
256 398 444 443 rhombus,
467 399 516 434 nil
538 399 647 434 dama
668 399 786 446 sapit:
814 405 942 446 putere
960 399 1130 434 videntur

171 448 372 497 Unguenta
392 457 499 496 atque
520 462 623 495 rosae,
644 450 736 485 latos
757 450 827 485 nisi
848 450 1005 486 sustinet
1023 450 1132 485 orbes

171 501 323 536 Grande
343 501 447 545 ebur,
464 508 500 536 et
522 514 657 548 magno
676 501 845 536 sublimis
864 502 1000 548 pardus
1020 501 1137 546 hiatu,

172 550 358 587 Dentibus
377 564 422 587 ex
443 550 525 597 illis,
545 566 635 600 quos
656 552 765 588 mittit
784 563 887 600 porta
908 553 1063 600 SyeneS,

173 601 221 637 Et
241 602 363 638 Mauri
384 603 537 649 celeres,
557 613 594 640 et
614 603 747 639 Mauro
766 603 956 640 obscurior
976 603 1107 648 Indus,
1399 600 1470 638 125

173 652 221 689 Et
242 666 332 700 quos
353 654 522 701 deposuit
541 655 721 691 Nabataeo
742 655 866 690 bellua
886 655 993 699 saltu,

173 704 258 740 Jam
282 705 428 750 nimios,
449 707 634 754 capitique
650 719 790 754 graves
848 706 950 742 Hinc
972 706 1089 754 surgit
1107 704 1241 750 orexis‚

175 756 278 792 Hinc
298 758 488 792 stomacho
510 757 614 793 bilis:
644 770 729 792 nam
750 771 814 805 pes
835 765 1033 805 argenteus
1054 757 1138 801 illis,

175 807 351 842 Annulus
373 808 408 843 in
430 808 545 855 digito
560 809 657 856 quod
679 809 830 844 ferreus.
888 806 989 855 Ergo
1010 807 1212 855 superbum

175 858 379 894 Convivam
402 872 527 905 caveo,
548 860 609 907 qui
631 873 690 895 me
710 860 779 895 sibi
800 868 1004 907 comparat,
1027 868 1063 894 et
1082 871 1141 894 res
1400 858 1473 894 130

177 909 346 957 Despicit
366 911 531 958 exiguas.
589 910 697 946 Adeo
720 911 820 946 nulla
842 911 952 946 uncia
973 910 1079 947 nobis

175 959 243 996 Est
258 962 391 1006 eboris,
409 975 478 998 nec
499 962 668 1007 tessellae,
690 975 759 998 nec
780 963 947 998 calculus
966 975 1012 998 ex
1032 963 1104 998 hac

176 1010 336 1048 Materia
352 1026 358 1048 :
388 1014 474 1060 quin
499 1013 575 1062 ipsa
592 1014 787 1049 manubria
806 1013 1038 1062 cultellorum

175 1063 305 1099 Ossea.
362 1064 450 1100 Non
471 1073 596 1101 tamen
618 1066 674 1101 his
694 1065 768 1101 ulla
788 1078 950 1112 unquam
970 1065 1124 1112 opsonia
1143 1062 1238 1100 fiunt

175 1113 404 1160 Rancidula,
426 1124 488 1153 aut
509 1117 591 1153 ideo
610 1117 711 1165 pejor
733 1117 870 1165 gallina
891 1125 1047 1152 secatur.
1401 1114 1474 1151 135

176 1167 251 1201 Sed
269 1180 339 1201 nec
358 1176 516 1205 structor
536 1168 618 1211 erit,
635 1169 695 1205 cui
716 1169 850 1204 cedere
871 1168 1004 1204 debeat
1024 1167 1146 1204 omnis

177 1217 351 1264 Pergula,
368 1217 574 1266 discipulus
594 1217 780 1265 Trypheri
801 1216 974 1260 doctoris,
996 1216 1093 1263 apud
1113 1226 1222 1263 quem

177 1268 333 1304 Sumine
354 1281 439 1304 cum
462 1282 596 1318 magno
616 1269 734 1316 lepUS‚
751 1276 859 1315 atque
880 1280 979 1316 aper,
1000 1275 1037 1302 et
1055 1278 1254 1315 pygargus,

176 1320 225 1356 Et
246 1321 431 1368 Scythicae
452 1321 631 1366 volucres,
652 1328 688 1356 et
707 1320 1008 1368 phoenicopterus
1028 1319 1174 1366 ingens,

176 1372 225 1408 Et
242 1372 410 1407 Gaetulus
429 1384 530 1419 oryx,
553 1372 675 1407 hebeti
696 1371 902 1406 lautissima
918 1371 1012 1406 ferro
1403 1368 1476 1404 140

177 1424 356 1468 Caeditur,
377 1431 414 1459 et
432 1423 508 1459 tota
529 1431 635 1460 sonat
655 1422 777 1458 ulmea
797 1435 905 1469 coena
926 1422 1085 1458 Subura.

177 1475 261 1511 Nec
282 1475 437 1510 frustum
457 1487 600 1523 capreae
620 1475 842 1519 subducere,
864 1486 935 1509 nec
955 1473 1051 1509 latus
1072 1473 1174 1509 Asrae

177 1527 291 1563 Novit
311 1527 387 1562 avis
406 1534 530 1562 noster
551 1526 772 1571 tirunculus,
790 1538 834 1561 ac
854 1525 956 1561 rudis
974 1524 1074 1561 omni

177 1579 379 1627 Tempore,
400 1586 436 1614 et
456 1579 600 1626 exigua:
623 1578 727 1613 furtis
744 1578 907 1613 imbutus
926 1576 1059 1613 ofellae.

177 1630 347 1666 Plebeios
367 1630 516 1674 calices,
537 1638 573 1665 et
592 1629 720 1678 paucis
741 1629 883 1664 assibus
903 1636 1046 1676 emptos
1404 1626 1476 1663 145

177 1682 346 1729 Porriget
367 1682 529 1717 incultus
548 1694 652 1729 puer,
673 1688 781 1728 atque
803 1694 823 1715 a
844 1680 977 1727 frigore
997 1687 1120 1715 tutus:

177 1734 264 1769 Non
287 1733 422 1781 Phryx,
444 1741 506 1769 aut
526 1732 678 1780 Lycius,
699 1745 772 1768 non
795 1744 815 1767 a
835 1743 1019 1779 mangone
1039 1731 1175 1779 petitus

176 1785 388 1832 Quisquam
408 1784 489 1829 erit,
510 1792 546 1820 et
565 1797 711 1841 magno.
767 1783 899 1822 Quum
919 1795 1062 1830 posceS‚
1082 1794 1194 1830 posce
1214 1780 1362 1818 Latine.

178 1836 285 1872 Idem
307 1837 453 1872 habitus
479 1835 639 1880 cunctis,
659 1835 769 1880 tonsi,
790 1835 954 1892 rectique
975 1834 1111 1881 capilli,

178 1889 303 1935 Atque
323 1888 432 1923 hodie
453 1885 597 1923 tantum
618 1894 764 1935 propter
785 1886 954 1922 conxivia
973 1883 1478 1933 pexi.150

178 1939 340 1975 Pastoris
361 1939 442 1975 duri
464 1939 525 1975 hic
544 1946 599 1975 est
619 1938 728 1983 filius,
749 1938 810 1973 ille
831 1937 994 1973 bubulci.

179 1991 350 2039 Suspirat
369 1991 480 2039 longo
500 2003 572 2026 non
594 1990 708 2025 visam
729 1998 894 2037 tempore
914 1996 1084 2033 matrem,

179 2042 227 2078 Et
246 2042 411 2078 casulam
431 2049 468 2077 et
487 2049 593 2077 notos
613 2041 725 2076 tristis
745 2041 932 2076 desiderat
951 2040 1091 2085 haedos,

180 2094 339 2142 Ingenui
361 2093 482 2129 vultus
501 2106 604 2141 puer,
626 2092 852 2140 ingenuique
874 2091 1035 2140 pudoris,

178 2145 324 2183 Quales
343 2158 424 2180 esse
445 2145 565 2189 decet,
586 2157 676 2191 quos
697 2144 831 2179 ardens
850 2155 1012 2192 purpura
1031 2141 1149 2178 vestit.
1152 2163 1204 2168 —
1404 2141 1478 2177 155

180 2197 257 2233 Hic
276 2196 341 2232 tibi
363 2197 446 2232 vina
465 2196 579 2240 dabit,
600 2195 757 2231 diffusa
751 2208 787 2231 111
809 2195 995 2231 montibus
1015 2193 1100 2239 illis,

181 2249 215 2283 A
237 2248 398 2295 quibus
392 2260 466 2295 ipse
487 2247 599 2292 venit,
620 2259 777 2294 quorum
798 2247 866 2282 sub
887 2245 1022 2282 vertice
1043 2245 1151 2280 lusit:

181 2299 354 2346 Namque
376 2311 450 2334 una
471 2306 578 2346 atque
598 2298 729 2334 eadem
749 2306 805 2334 est
826 2298 899 2333 vini
919 2297 1036 2346 patria
1055 2304 1164 2344 atque
1184 2294 1355 2331 ministri.
1357 2315 1410 2321 —-

181 2350 269 2386 “lon
290 2351 390 2398 capit
409 2351 475 2385 has
495 2362 613 2398 nugas
634 2350 783 2385 humilis
802 2350 944 2385 domuc.
999 2348 1144 2383 Audiat
1164 2347 1225 2382 ille

181 2401 382 2437 Testarum
400 2402 564 2449 crepitus
583 2413 667 2436 cum
686 2401 818 2446 verbis,
839 2401 980 2436 nudum
1000 2400 1098 2435 olido
1118 2406 1218 2434 stans
1406 2396 1479 2433 160

183 2452 343 2489 Fornice
363 2453 590 2502 mancipium
611 2453 744 2500 quibus
764 2453 945 2495 abstinet;
978 2451 1037 2487 ille
1058 2451 1198 2486 fruatur
