1596 2779
166 187 216 223 40
578 184 618 214 D.
643 184 768 214 JUNII
792 182 1049 214 JUVENALIS

168 279 208 314 Si
229 279 340 322 libet;
372 279 459 314 hinc
480 285 631 314 centum
653 278 875 325 patrimonia
896 276 1182 321 causidicorum,

167 331 277 366 Parte
300 331 371 366 alia
392 330 509 365 solum
532 331 664 365 russati
688 342 782 377 pone
804 329 994 364 Lacernre.

167 381 384 419 Consedere
405 382 543 417 duces:
573 381 693 428 surgis
714 388 752 415 tu
773 380 931 428 pallidus
953 379 1050 427 Ajax

167 433 348 469 Dicturus
367 433 481 468 dubia
501 446 566 480 pro
586 432 767 476 libertate,
789 432 950 466 bubulco

168 484 314 520 Judice.
372 484 523 531 Rumpe
543 484 653 519 miser
672 492 819 519 tensum
837 483 956 530 jecur,
977 489 1017 517 ut
1037 482 1099 517 tibi
1120 482 1216 518 lasso

168 536 350 583 Figantur
372 536 518 580 virides,
539 535 723 570 scalarum
741 534 870 582 gloria,
890 533 1034 582 palmae.

166 587 283 626 Quod
304 587 403 623 vocis
423 587 607 635 pretium?
637 587 759 622 siccus
778 585 1058 633 petasunculus,
1077 592 1114 620 et
1133 598 1196 621 vas

169 639 411 686 Pelamydum
430 652 437 682 ;
469 646 531 674 aut
551 646 704 683 veteres,
726 638 901 673 Afrorum
923 637 1121 684 epimenia,
1143 636 1265 680 bulbi3

169 691 248 726 Aut
267 691 393 726 vinum
414 689 545 725 Tiberi
566 690 776 733 devectum,
796 689 960 735 quinque
980 688 1136 735 lagenae.

222 743 261 777 Si
283 749 412 789 quater
432 742 552 789 egisti,
573 742 602 776 si
623 741 780 787 contigit
799 752 933 775 aureus
954 751 1064 784 unus,

169 792 265 829 Iud&
287 794 427 829 cadunt
446 800 567 840 partes
586 805 631 833 ex
652 791 789 827 foedere
809 790 1135 839 pragmaticorum.

170 845 325 880 AEmilio
345 845 505 889 dabitur,
526 842 707 891 quantum
727 843 826 888 licet,
846 850 882 878 et
902 840 1035 878 melius
1055 854 1122 878 nos

170 896 348 944 Egimus:
379 896 488 944 hujus
508 896 606 931 enim
629 902 699 931 stat
718 907 849 930 currus
869 896 1023 939 aeneuS‚
1044 893 1107 929 alti

169 949 424 995 Quadrijuges
446 948 483 983 in
504 947 707 991 vestibulis,
727 954 835 993 atque
857 946 933 993 ipse
956 945 1068 981 feroci

170 1000 355 1035 Bellatore
377 1000 510 1034 sedens
526 1007 718 1034 curvatum
740 998 870 1033 hastile
892 997 1052 1032 minatur

170 1051 342 1095 Eminus,
363 1059 399 1086 et
418 1051 539 1086 statua
560 1051 756 1086 meditatur
777 1049 904 1097 proelia
924 1049 1039 1084 lusca.

172 1103 236 1139 Sic
258 1103 359 1138 Pedo
379 1103 586 1147 conturbat,
610 1101 737 1137 Matho
757 1100 903 1136 deficit:
934 1100 1054 1135 exitus
1074 1100 1135 1135 liic
1155 1106 1211 1135 est

171 1154 351 1202 Tongilii,
373 1166 507 1201 magno
527 1166 613 1188 cum
634 1153 866 1188 rhinocerote
888 1151 998 1187 lavari

170 1207 250 1246 Qui
271 1206 375 1249 solet,
397 1212 433 1240 et
454 1213 559 1240 vexat
577 1205 762 1240 lutulenta
783 1204 914 1239 balnea
934 1202 1054 1247 turba,

171 1259 314 1305 Perque
335 1258 451 1293 forum
470 1257 624 1304 juvenes
645 1257 754 1303 longo
774 1256 906 1303 premit
926 1267 1060 1298 assere,
1082 1253 1215 1290 Medos

171 1309 374 1357 Empturus
393 1321 538 1356 puero&
560 1316 768 1355 argentum,
789 1307 993 1350 murrliina,
1014 1306 1126 1341 villas.

173 1362 339 1409 Spondet
359 1361 457 1396 enim
478 1360 595 1407 Tyrio
616 1359 775 1394 stlataria
797 1371 957 1406 purpura
983 1357 1053 1393 filo.

171 1413 220 1449 Et
238 1422 362 1449 tamen
383 1420 438 1448 est
457 1412 528 1447 illis
547 1412 618 1447 hoc
638 1411 748 1446 utile:
778 1422 938 1458 purpura
959 1409 1083 1445 vendit

171 1465 429 1508 Causidicum,
451 1464 616 1499 vendant
636 1462 904 1509 amethystina:
935 1460 1109 1496 convenit
1129 1460 1201 1496 illis

172 1517 221 1552 Et
239 1516 407 1564 strepitu,
428 1523 465 1550 et
485 1515 578 1550 facie
599 1515 747 1562 majoris
767 1514 887 1548 vivere
907 1512 1054 1547 census.

173 1569 248 1604 Sed
269 1568 379 1603 finem
402 1567 579 1614 impensae
599 1579 674 1601 non
695 1573 814 1601 servat
832 1565 987 1612 prodiga
1006 1563 1141 1598 Roma.

172 1619 344 1656 Fidimus
364 1618 508 1665 eloquio
523 1619 537 1653 ⁸?
593 1618 769 1653 Ciceroni
789 1629 900 1652 nemo
920 1616 1101 1650 ducentos

172 1671 290 1707 Nunc
309 1670 453 1705 dederit
472 1682 657 1714 nummos,
679 1668 750 1704 nisi
771 1668 913 1702 fulserit
929 1667 1090 1702 annulus
1111 1667 1254 1713 ingens.

172 1722 346 1771 Respicit
367 1722 446 1756 haec
466 1719 640 1769 primum,
661 1720 722 1768 qui
745 1720 875 1767 litigat,
897 1731 943 1754 an
963 1718 1028 1753 tibi
1049 1717 1142 1752 servi

173 1774 284 1819 Octo,
305 1774 436 1809 decern
457 1773 625 1817 comites,
646 1785 693 1807 an
714 1779 795 1819 post
816 1781 850 1806 te
871 1770 971 1813 sella,
987 1769 1101 1817 togati

173 1827 275 1862 Ante
295 1826 420 1873 pedeS.
477 1824 568 1860 Ideo
589 1823 779 1859 conducta
799 1822 935 1857 Paulus
955 1822 1089 1868 agebat

174 1877 429 1924 Sardonyclie,
450 1883 558 1923 atque
579 1876 662 1911 ideo
682 1875 807 1923 pluris,
828 1872 938 1920 quam
961 1874 1099 1908 Cossus
1120 1872 1265 1919 agebat,

173 1928 304 1968 Quam
327 1928 483 1964 Basilus.
541 1927 645 1962 Rara
665 1927 702 1962 in
722 1926 825 1962 tenui
846 1925 1022 1961 facundia
1041 1936 1176 1971 pauno.

173 1981 340 2020 Quando
359 1980 446 2015 licet
466 1979 588 2015 Basilo
609 1978 758 2013 flentem
778 1978 984 2025 producere
1004 1983 1158 2011 matrem
1175 1975 1190 2010 ‘l

173 2032 274 2070 Quis
295 2030 389 2067 be'ne
409 2032 597 2066 dicentem
615 2029 778 2065 Basilum
801 2029 891 2063 ferat
908 2029 920 2064 ”l
977 2027 1151 2074 Accipiat
1169 2033 1205 2062 te

175 2084 310 2128 Gallia,
332 2083 386 2118 vel
407 2080 529 2130 potius
550 2081 736 2117 nutricula
757 2080 1031 2115 causidicorum

176 2136 318 2179 Africa,
340 2135 369 2170 si
389 2134 528 2182 placuit
549 2133 759 2169 mercedem
779 2144 916 2180 ponere
937 2131 1084 2178 linguae.

229 2187 450 2223 Declamare
471 2186 610 2221 doces?
665 2184 701 2219 O
722 2184 839 2220 ferrea
858 2191 1008 2231 pectora
1029 2180 1153 2226 Vecti‚

174 2239 307 2278 Quum
327 2237 475 2286 perimit
495 2249 610 2272 saevos
629 2236 757 2272 classis
776 2247 974 2270 numerosa
993 2241 1179 2281 tyrannos.

176 2289 277 2326 Nam
297 2301 528 2337 quaecunque
550 2288 684 2323 sedens
703 2285 815 2323 modo
836 2287 987 2334 legerat,
1008 2286 1089 2320 haec
1104 2285 1233 2320 eadem
1255 2291 1357 2319 stans

177 2341 354 2386 proferet,
375 2349 484 2388 atque
504 2340 635 2375 eadem
656 2339 821 2374 cantabit
840 2338 1006 2373 versibus
1026 2336 1157 2372 isdem.

175 2393 330 2430 Occidit
349 2393 502 2428 miseros
521 2391 670 2427 crambe
691 2391 846 2438 repetita
866 2390 1070 2437 magistros.

175 2444 277 2484 Quis
295 2444 407 2489 color,
428 2452 464 2480 et
483 2444 580 2491 quod
600 2443 646 2478 sit
665 2455 787 2477 causae
807 2445 939 2489 genus,
959 2448 1068 2487 atque
1088 2439 1151 2475 ubi
1178 2451 1323 2475 summa

175 2496 360 2541 Quaestio,
379 2508 461 2544 quae
480 2495 629 2531 veniant
649 2495 802 2530 diversae
823 2492 914 2530 forte
935 2492 1090 2540 sagium,

1389 376 1464 413 115

1393 635 1466 671 120

1395 892 1468 930 125

1397 1148 1471 1185 130

1401 1406 1474 1442 135

1402 1634 1476 1700 1⁵40

1404 1921 1475 1958 145

1405 2179 1477 2216 150

1406 2437 1479 2473 155
