1596 2779
20 307 28 314 .
81 280 134 316 At
154 280 249 315 bona
269 292 352 328 pars
371 291 565 327 procerum
587 279 700 314 tacita
721 278 847 314 libavit
867 278 1006 314 acerra.
1362 292 1387 312 ο

619 132 780 163 sirim
806 131 849 162 11.
1335 134 1387 170 95

78 226 180 267 (λικε
199 225 268 264 nisi
290 226 455 263 seductis
476 239 638 285 nequeas
659 226 891 263 committere
911 226 1016 262 divis.

83 331 195 367 Haud
216 331 334 366 cuivis
353 337 562 379 promptum
591 338 660 375 est,
687 342 927 377 murmurque
958 328 1189 376 humilesque
1218 341 1387 364 susurros

81 382 232 419 Tollere
253 383 299 418 de
319 381 465 430 templs,
485 389 522 417 et
544 389 670 429 aperto
691 382 811 417 vivere
833 390 927 417 voto.

83 434 194 471 Mens
216 434 324 479 bona,
347 434 455 478 fama,
473 433 576 478 fides,
599 432 679 468 haec
696 431 810 478 clare,
832 441 868 469 et
888 440 928 469 ut
947 431 1074 468 audiat
1093 432 1247 479 hospes:

82 486 152 522 Illa
171 486 239 522 sibi
260 487 459 522 introrsum
479 493 516 521 et
536 485 605 520 sub
624 485 754 532 lingua
775 485 1034 520 immurmurat
1051 496 1058 519 :
1087 483 1124 520 O
1143 484 1175 520 si

83 538 222 574 Ebullit
241 545 406 585 patruus,
426 537 647 584 praeclarum
669 537 800 572 funus!
831 544 881 581 et,
901 536 937 572 O
957 536 987 572 si
1345 536 1388 571 10

84 590 163 626 Sub
183 596 300 625 rastro
320 596 447 637 crepet
466 588 610 636 argenti
631 588 722 624 mihi
743 589 853 634 seria,
876 589 1005 624 dextro

84 640 269 678 Hercule!
300 640 527 689 pupillumve
548 640 705 686 utinam,
725 652 835 687 quem
857 640 1046 688 proximus
1066 639 1186 675 haeres

83 692 252 741 Impello,
274 704 507 741 expungam:
538 704 695 740 namque
717 700 772 727 est
792 691 998 737 scabiosus,
1014 698 1051 727 et
1071 691 1148 727 acri

84 744 164 781 Bile
185 752 313 781 tumet.
371 743 488 780 Nerio
504 744 579 792 jam
602 745 709 780 tertia
728 744 877 780 ducitur
897 744 1010 780 uxor!

84 797 179 833 Haec
199 795 329 833 sancte
351 804 391 832 ut
410 808 554 844 poscas,
575 795 759 832 Tiberino
781 795 816 831 in
838 796 984 844 gurgite
1005 795 1143 844 mergis
1343 796 1388 831 15

84 847 199 884 Mane
215 855 327 896 caput
348 848 403 883 bis
424 855 566 895 terque,
583 856 620 883 et
640 856 789 884 noctem
810 847 965 883 flumine
984 860 1133 895 purgas.

136 900 243 937 Heus
263 912 344 948 age,
362 900 566 947 responde:
599 900 813 946 (minimum
834 907 902 944 est,
921 900 1020 947 quod
1040 899 1136 935 scire
1156 899 1281 935 laboro
1296 900 1322 948 z)

83 952 141 989 De
162 952 254 989 Jove
273 951 362 1000 quid
383 951 525 987 sentis'!
554 958 659 987 estne
680 958 720 987 ut
739 963 953 1000 praeponere
973 963 1082 987 cures

84 1005 263 1041 Hunc—‘
279 1003 431 1039 cuinam
442 1003 468 1039 Ψ
499 1003 677 1039 cuinam!
707 1003 759 1038 vis
781 1003 909 1039 Staio!
939 1016 986 1039 an
1007 1003 1152 1040 scilicet
1167 1003 1299 1048 haeres,

82 1056 183 1096 Quis
202 1056 319 1105 potior
331 1056 458 1104 judex,
479 1055 649 1103 puerisve
670 1056 752 1103 quis
773 1055 890 1103 aptior
909 1055 1036 1091 orbis?
1337 1056 1388 1091 20

85 1108 170 1145 Hoc
184 1108 308 1156 igitur,
328 1119 401 1155 quo
420 1115 459 1142 tu
475 1107 578 1143 Jovis
599 1120 726 1143 aurem
748 1107 936 1156 impellere
956 1113 1090 1152 tentas,

84 1160 157 1196 Dic
178 1160 339 1208 agedum
356 1159 482 1195 Staio:
512 1160 603 1207 proh
623 1159 792 1207 Jupiter!
822 1158 858 1194 O
882 1160 991 1204 bone,
1013 1159 1164 1205 clamet,

83 1211 253 1261 Jupiter!
284 1219 320 1248 at
333 1224 412 1247 sese
433 1224 507 1247 non
528 1211 666 1247 clamet
687 1211 832 1260 Jupiter
854 1211 957 1259 ipse!

85 1264 277 1313 Ignovisse
298 1271 418 1313 putas,
439 1263 540 1312 quia,
556 1275 671 1311 quum
688 1270 804 1309 tonat,
825 1261 932 1300 ocius
948 1263 1022 1299 ilex

85 1316 234 1352 Sulsure
250 1315 451 1352 discutitur
468 1328 588 1361 sacro,
609 1314 720 1363 quam
738 1323 850 1363 tuque
871 1316 1100 1363 domusque?
1337 1316 1388 1351 25

85 1369 147 1404 An
167 1368 252 1416 quia
271 1381 345 1404 non
366 1367 468 1403 fibris
486 1367 610 1404 ovium
631 1367 881 1415 Ergennaque
898 1367 1056 1416 jubente

83 1419 210 1456 Triste
227 1420 329 1468 jaces
349 1419 445 1455 lucis
465 1420 752 1466 evitandumque
776 1420 952 1465 bidental,

86 1471 233 1508 Idcirco
253 1472 423 1508 stolidam
442 1472 584 1520 praebet
602 1471 668 1507 tibi
690 1472 822 1507 vellere
843 1471 994 1508 barbam

85 1523 256 1573 Jupiter!
286 1531 348 1560 aut
368 1524 545 1571 quidnam
566 1531 633 1569 est,
653 1523 726 1571 qua
746 1531 784 1559 tu
806 1524 978 1560 mercede
999 1524 1153 1561 deorum

87 1576 233 1612 Emeris
253 1576 466 1612 auriculas?
494 1575 669 1624 pulmone
689 1583 725 1611 et
744 1576 904 1612 lactibus
924 1576 1073 1612 unctis!
1338 1576 1389 1613 30

137 1628 239 1664 Ecce
261 1628 353 1674 avia,
375 1635 437 1663 aut
456 1635 627 1664 metuens
647 1627 772 1663 divum
795 1636 1002 1673 matertera,
1022 1628 1132 1665 cunis

85 1679 236 1716 Exemit
254 1692 425 1728 puerum,
446 1680 677 1727 frontemque
693 1686 802 1727 atque
823 1681 896 1716 uda
916 1680 1049 1716 labella

85 1732 221 1768 Infami
241 1732 357 1780 digito
375 1738 412 1768 et
430 1731 643 1767 lustralibus
663 1730 750 1768 ante
771 1731 893 1768 salivis

85 1784 233 1833 Expiat‚
254 1791 404 1820 urentes
422 1783 551 1819 oculos
571 1783 740 1819 inhibere
761 1784 889 1831 perita.

84 1836 200 1872 Tunc
221 1836 392 1872 manibus
411 1836 542 1883 quatit,
563 1843 600 1871 et
619 1848 721 1884 spem
743 1847 905 1872 macram
927 1836 1095 1885 supplice
1115 1844 1198 1874 voto
1338 1838 1390 1874 35

85 1888 201 1924 Nunc
222 1886 346 1924 Licini
367 1888 405 1923 in
426 1900 591 1936 campos
612 1900 713 1923 nunc
733 1887 858 1923 Crassi
880 1889 992 1924 mittit
1011 1889 1048 1924 in
1069 1889 1180 1925 aedes.

86 1940 203 1976 Hunc
221 1946 350 1988 optent
369 1952 549 1988 generum
571 1952 634 1975 rex
653 1947 689 1975 et
710 1939 859 1988 regina!
891 1940 1022 1988 puellae

90 1992 206 2028 Hunc
227 1991 372 2040 rapiant
389 1991 396 2026 !
427 1991 604 2039 quicquid
625 1991 823 2028 calcaverit
843 1992 917 2037 hic,
938 2005 1021 2029 rosa
1040 1992 1103 2029 fiat
1120 1993 1128 2030 !

87 2044 157 2080 Ast
176 2055 247 2092 ego
266 2043 402 2080 nutrici
424 2055 499 2079 non
519 2044 657 2079 mando
677 2050 760 2080 vota
777 2056 783 2079 :
816 2050 963 2092 negato,

85 2096 245 2144 Jupiter,
266 2096 346 2132 haec
366 2095 430 2141 illi,
450 2095 617 2143 quamvis
636 2102 671 2132 te
691 2095 813 2132 albata
832 2097 982 2144 rogarit.
1342 2098 1393 2134 40

139 2147 266 2184 Poscis
284 2160 393 2196 opem
412 2148 534 2184 nervis
547 2160 759 2196 corpusque
779 2148 886 2184 fidele
906 2156 1079 2185 senectae.

87 2200 192 2246 Esto,
214 2212 282 2248 age
297 2212 304 2235 :
318 2200 399 2243 „sed
418 2201 580 2248 grandes
599 2200 735 2248 patinae
755 2208 952 2249 tucetaque
972 2213 1097 2237 crassa

88 2253 270 2288 Annuere
291 2251 348 2288 his
369 2251 532 2299 Superos
551 2251 716 2299 vetuere,
738 2252 943 2301 Jovemque
964 2260 1165 2290 morantur.

141 2304 241 2341 Rem
261 2311 402 2341 struere
422 2311 572 2352 exoptas
591 2316 690 2340 caeso
710 2304 814 2350 bove,
835 2303 1142 2353 Mercuriumque

90 2357 262 2392 Arcessis
282 2356 394 2392 fibra:
424 2355 484 2391 Da
504 2355 692 2392 fortunare
708 2364 863 2404 penates
880 2357 887 2392 !
1344 2358 1395 2395 45

90 2408 150 2445 Da
171 2421 300 2457 pecus,
320 2416 357 2444 et
376 2408 552 2456 gregibus
572 2408 700 2444 foetum
718 2408 725 2443 Ι
755 2421 840 2456 quo,
860 2410 1033 2457 pessime,
1054 2417 1175 2458 pacto,

89 2460 167 2496 Tot
187 2460 253 2496 tibi
272 2472 386 2508 quum
408 2460 444 2495 in
467 2459 624 2495 flammis
641 2460 812 2508 junicum
832 2468 983 2498 omenta
1002 2461 1238 2510 liquescant?

90 2512 137 2548 Et
157 2521 281 2548 tamen
299 2512 358 2548 hic
377 2512 471 2548 extis
491 2520 526 2548 et
545 2512 669 2560 opimo
689 2512 836 2549 vincere
858 2513 950 2550 serto
