1596 2779
183 157 234 196 68
595 157 635 190 D.
661 162 786 192 :CNH
811 159 1068 193 JUVENALIS

181 248 279 287 Tres
299 251 409 288 habet
429 253 604 289 han-edes.
662 255 771 291 Libet
790 261 1017 303 exspectare,
1037 257 1119 303 quis
1139 266 1274 304 aegram

185 301 230 339 Et
251 303 484 338 claudentem
505 305 632 341 oculos
651 306 827 353 gallinam
848 306 1039 354 impendat
1059 308 1178 343 amico

181 352 279 389 Tam
299 355 423 390 sterili.
481 354 621 392 Verum
643 357 722 392 haec
743 357 858 392 nimia
877 366 931 393 est
952 358 1140 405 impensa:
1170 358 1342 395 coturnix

179 404 295 441 Nulla
317 418 479 453 unquam
499 419 563 454 pro
582 415 684 455 patre
704 408 822 444 cadet.
879 409 1028 444 Sentire
1048 410 1209 445 calorem

178 456 221 492 Si
241 457 352 504 coepit
371 457 536 505 locuples
556 459 705 504 Gallita,
719 466 756 495 et
776 459 948 504 Paccius,
968 460 1062 505 orbi,

178 506 364 555 Legitime
386 507 467 544 fixis
487 510 639 546 vestitur
658 518 733 547 tota
751 510 894 546 tabellis

176 558 346 595 Porticus
365 572 371 594 :
401 560 596 606 exsistunt,
616 562 677 609 qui
697 562 912 610 promittant
932 562 1192 609 hecatomben,

174 609 379 648 Quatenus
396 611 458 647 hic
478 624 552 648 non
573 621 660 649 sunt
679 625 750 649 nec
769 613 919 648 venales
938 613 1140 662 elephanti,

175 660 262 697 Nec
282 662 404 708 Latio,
425 672 487 699 aut
507 677 661 712 usquam
682 673 807 700 nostro
829 665 897 700 sub
917 665 1037 701 sidere
1057 666 1140 702 talis

176 713 305 750 Bellua
325 714 554 762 concipitur;
584 716 649 751 sed
671 716 773 752 furva
792 723 902 763 gente
923 717 1036 764 petita

174 766 383 801 Arboribus
403 766 558 802 Rutulis
577 775 613 802 et
633 766 754 803 Turni
775 768 939 814 pascitur
960 781 1061 815 agro,

175 817 336 852 Caesaris
357 827 578 863 armentum,
599 819 691 854 nulli
712 818 847 854 servire
867 827 1035 866 paratum

175 868 323 904 Privato
342 881 348 903 :
379 870 560 916 siquidem
581 869 698 917 Tyrio
717 883 846 917 parere
867 870 1035 907 solebant

174 920 392 965 Hannibali,
413 929 449 956 et
469 922 603 957 nostris
623 921 795 967 ducibus,
815 922 966 969 regique
987 921 1164 969 Molosso,

174 972 318 1008 Horum
340 972 511 1020 majores,
533 985 577 1008 ac
597 974 705 1009 dorso
725 973 819 1009 forre
839 974 1023 1018 cohortes,

173 1024 320 1059 Partem
341 1024 500 1070 aliquam
523 1024 621 1069 belli,
641 1032 678 1060 et
697 1032 848 1060 euntem
869 1025 904 1059 in
926 1025 1053 1072 proelia
1071 1025 1213 1061 turrim.

172 1075 290 1111 Nulla
309 1075 420 1123 igitur
441 1087 542 1111 mora
561 1089 625 1124 per
645 1076 821 1121 Novium,
843 1088 945 1111 mora
965 1076 1066 1112 nulla
1084 1089 1149 1125 per
1169 1076 1340 1112 Histrum

172 1127 392 1172 Pacuvium,
414 1127 502 1174 quin
525 1127 614 1163 illud
635 1127 726 1163 ebur
746 1128 902 1163 ducatur
924 1128 968 1162 ad
990 1140 1084 1173 aras,

172 1178 220 1214 Et
241 1179 348 1215 cadat
369 1186 454 1214 ante
475 1178 570 1214 lares
589 1179 749 1223 Gallitae,
770 1179 919 1214 victima
938 1179 1015 1215 sola

171 1231 307 1267 Tantis
327 1231 441 1278 digna
461 1231 552 1276 deis,
573 1238 609 1266 et
628 1230 877 1278 captatoribus
897 1231 1039 1266 horum.

172 1283 277 1319 Alter
296 1283 410 1327 enim,
431 1282 461 1317 si
481 1282 667 1318 concedas
687 1290 862 1328 mactare,
881 1282 1025 1318 vovebit

170 1334 228 1371 De
249 1347 362 1382 grege
383 1346 571 1369 servorum
593 1347 728 1381 magna
748 1342 809 1370 aut
830 1333 1080 1382 pulcherrima
1099 1346 1254 1384 quaeque

170 1386 354 1435 Corpora3
384 1386 438 1421 vel
462 1386 585 1433 pueris
604 1393 641 1421 et
661 1385 843 1422 frontibus
863 1386 1083 1422 ancillarum

170 1438 342 1487 Imponet
362 1439 468 1474 vittas
486 1451 492 1481 ;
524 1446 571 1482 et,
592 1439 621 1473 si
641 1451 713 1485 qua
731 1445 787 1473 est
807 1438 945 1473 nubilis
966 1437 1015 1473 illi

169 1490 367 1539 Iphigenia
387 1486 500 1534 do‘mi,
521 1490 622 1526 dabit
642 1490 739 1525 hanc
759 1489 956 1532 altaribus;
986 1489 1054 1525 etsi

169 1542 255 1579 Non
277 1549 399 1590 sperat
417 1542 568 1589 tragicae
590 1542 720 1578 furtiva
739 1542 884 1589 piacula
900 1553 1028 1577 cervae.

168 1594 300 1630 Laudo
320 1605 444 1628 meum
465 1594 598 1638 civem,
619 1606 689 1629 nec
709 1605 882 1641 comparo
902 1599 1124 1629 testamento

168 1645 274 1682 Mille
294 1653 411 1681 rates:
441 1658 540 1689 nam,
562 1645 591 1680 si
613 1645 814 1681 Libitinam
834 1645 990 1681 evaserit
1007 1657 1117 1693 aeger,

168 1698 317 1734 Delebit
337 1697 493 1743 tabulas,
515 1696 680 1732 inclusus
700 1709 849 1733 carcere
869 1709 1002 1741 nassae,

168 1749 255 1786 Post
275 1750 446 1785 meritum
463 1747 554 1784 sane
575 1749 799 1793 mirandum,
816 1757 925 1795 atque
944 1747 1070 1783 omnia
1090 1747 1158 1784 soli

169 1801 313 1838 Forsan
335 1801 497 1836 Pacuvio
519 1800 675 1836 breviter
695 1800 808 1836 dabit.
866 1799 934 1835 Ille
954 1798 1135 1847 superbus

167 1853 325 1890 Incedet
344 1853 449 1888 victis
469 1852 653 1888 rivalibus.
711 1850 812 1899 Ergo
833 1852 948 1896 vides,
969 1849 1080 1898 quitm

166 1906 319 1942 Grande
337 1917 457 1953 operte
478 1905 635 1952 pretium
658 1904 768 1939 saciat
785 1903 954 1952 jugulata
974 1902 1157 1950 Mycenis.

219 1957 329 1993 Vivat
351 1956 549 1999 Pacuvius,
570 1968 707 2003 quaeso,
727 1955 781 1991 vel
803 1955 963 1991 Nestora
983 1962 1121 1991 toturn:

166 2009 370 2054 Possideat,
391 2015 571 2055 quantum
591 2007 711 2055 rapuit
731 2007 857 2043 Nero:
887 2006 1074 2043 montibus
1095 2017 1226 2042 aurum

165 2060 366 2110 Exaequet3
396 2071 468 2096 nec
489 2068 587 2095 amet
605 2071 830 2107 quenquam,
851 2070 922 2094 nec
942 2065 1085 2094 ametur
1104 2057 1150 2094 ab
1170 2057 1269 2094 ullo!

1429 358 1482 396 95

1407 615 1480 651 100

1404 871 1477 908 105

1403 1128 1477 1164 110

1399 1385 1474 1422 115

1399 1643 1473 1680 120

1397 1901 1472 1939 125
