1596 2779
656 111 817 141 SATIRA
844 111 902 141 VI.

123 204 254 244 Quem
275 212 382 241 cavat
401 204 560 240 assiduis
581 205 750 250 sudibus,
767 213 947 253 scutoque
967 204 1129 250 lacessit,

127 257 252 304 Atque
271 269 403 293 omnes
423 256 551 304 implet
571 269 759 301 numeros,
781 257 1000 303 dignissima
1019 269 1170 305 prorsus

126 307 265 344 Florali
286 315 455 344 matrona
475 308 587 352 tubf23
617 308 688 344 nisi
710 308 740 343 si
760 308 849 356 quid
872 308 908 343 in
931 308 994 344 illo

127 359 283 396 Pectore
299 359 382 408 plus
403 360 530 407 agitat,
551 372 719 407 veraeque
740 368 889 408 paratur
910 372 1044 396 arena).

125 411 256 450 Quem
275 419 449 459 praestare
466 418 586 459 potest
605 411 739 447 mulier
759 410 904 459 galeata
924 412 1116 460 pudorem,

125 462 226 501 Quae
250 462 342 511 sugit
361 476 382 498 a
401 463 521 499 sexu?
549 462 645 498 vires
665 471 773 499 amat.
831 463 926 499 Haec
946 472 1071 500 tamen
1092 464 1171 512 ipsa

126 514 194 550 Vir
215 514 329 550 nollet
348 514 444 550 fieri:
475 526 563 550 nam
583 514 764 561 quantula
783 522 909 551 nostra
930 515 1125 563 voluptas?

125 565 253 605 Quale
273 566 390 602 decus
409 578 546 611 rerum,
566 566 597 601 si
616 566 788 614 conjugis
809 567 933 603 auctio
953 567 1042 603 fiat?

126 617 292 663 Balteus,
312 624 351 654 et
370 618 542 663 manicae,
562 626 600 654 et
619 617 754 662 cristae‚
774 618 966 666 crurisque
987 618 1126 655 sinistri

126 668 336 705 Dimidium
357 669 521 717 tegimen
539 682 546 713 3
578 669 646 715 vel,
668 669 698 705 si
720 669 866 705 diversa
885 671 1047 707 movebit

127 720 277 767 Proelia,
298 728 338 757 tu
360 721 461 766 felix,
480 721 816 758 ocreas‘vendente
836 721 972 770 puella.

130 772 202 808 Hae
222 780 321 819 sunt,
342 785 424 821 quae
444 773 549 809 tenui
569 773 705 809 sudant
725 773 762 809 in
783 773 950 821 cyclade,
970 786 1128 821 quarum

128 823 296 860 Delicias
315 832 352 860 et
371 825 598 873 panniculus
618 825 865 872 bombycinus
885 825 968 861 urit.

126 876 307 924 Adspice,
327 888 400 924 quo
420 877 567 912 fremitu
587 884 809 913 monstratos
828 877 988 924 perferat
1007 877 1117 923 ictus,

125 928 174 964 Et
192 936 330 976 quanto
348 928 465 976 galeae
485 936 659 964 curvetur
681 929 856 976 pondere,
878 936 1017 976 quanta

125 979 332 1028 Poplitibus
352 980 491 1024 sedeat,
511 979 624 1027 quam
644 980 760 1016 denso
781 980 896 1016 fascia
915 980 1021 1026 libro,

125 1031 175 1068 Et
194 1031 286 1078 ride,
307 1031 503 1080 scaphium
521 1031 651 1080 positis
671 1044 785 1080 quum
806 1032 964 1068 sumitur
985 1033 1107 1069 armis.

126 1082 252 1120 Dicite
273 1096 349 1129 vos,
370 1092 501 1132 neptes
521 1083 668 1132 Lepidi,
690 1084 828 1120 eaeeive
850 1083 1009 1130 Metelli,

89 1132 93 1135 ’
124 1135 295 1184 Gurgitis
316 1143 379 1171 aut
400 1135 522 1180 Fabii,
542 1147 624 1183 quae
645 1135 746 1172 ludia
766 1136 967 1184 sumpserit
988 1149 1151 1184 unquam

125 1186 207 1223 Hos
228 1187 406 1223 habitus?
435 1188 584 1235 quando
605 1188 651 1223 ad
671 1187 797 1236 palum
819 1196 945 1236 gemat
966 1201 1056 1225 uxor
1087 1188 1223 1237 Asyli?

178 1240 334 1288 Semper
354 1239 466 1275 habet
485 1239 569 1275 lites
589 1238 806 1287 alternaque
823 1240 948 1288 jurgia
966 1240 1100 1286 lectus,

125 1289 171 1327 In
190 1304 263 1339 quo
279 1299 394 1340 nupta
410 1291 510 1339 jacet
527 1303 534 1326 :
564 1290 763 1328 minimum
783 1291 964 1328 dormitur
987 1292 1024 1328 in
1046 1292 1118 1329 illo.

124 1342 240 1379 Tunc
259 1343 383 1392 gravis
403 1343 466 1379 illa
486 1342 575 1388 viro,
596 1350 687 1379 tunc
706 1344 797 1380 orba
818 1343 952 1393 tigride
974 1345 1086 1393 pejor.

123 1394 258 1434 Quum
277 1395 427 1431 simulat
446 1395 609 1444 gemitus
627 1395 768 1439 occulti
789 1397 1066 1445 conscia-facti,

125 1447 205 1483 Aut
223 1447 301 1484 odit
320 1460 467 1496 pueros,
489 1455 553 1483 aut
572 1447 659 1483 ficta
678 1447 812 1496 pellice
832 1448 962 1496 plorat,

124 1498 312 1535 Uberibus
331 1512 476 1548 semper
496 1499 683 1550 lacrymis,
704 1512 922 1548 semperque
942 1500 1079 1549 paratis

124 1550 170 1587 In
191 1552 351 1588 statione
373 1553 455 1597 sua,
475 1559 586 1599 atque
607 1552 912 1600 exspectantibus
933 1552 1048 1598 illam,

123 1603 216 1642 Quo
232 1603 363 1652 jubeat
383 1616 535 1640 manare
556 1603 688 1640 modo:
718 1612 758 1640 tu
778 1605 900 1640 credis
921 1617 1099 1651 amorem,

124 1654 188 1690 Tu
210 1655 276 1692 tibi
292 1664 383 1692 tunc
403 1668 562 1692 curruca
581 1654 720 1703 places,
742 1655 943 1704 fletumque
964 1656 1107 1693 labellis

124 1706 324 1753 Exsorbes,
344 1720 426 1756 quae
446 1707 583 1755 scripta
602 1715 639 1743 et
657 1715 746 1755 quot
765 1707 907 1744 lecture
930 1709 1098 1755 tabellas,

124 1759 166 1796 Si
185 1759 252 1796 tibi
274 1759 454 1808 zelotypae
476 1767 689 1808 retegantur
709 1760 847 1796 scrinia
866 1761 1045 1797 moechae!

124 1811 199 1848 Sed
212 1811 313 1860 jacet
332 1812 370 1848 in
390 1812 483 1847 servi
504 1811 775 1860 complexibus,
797 1820 860 1848 aut
878 1812 1024 1860 equitis.
1081 1812 1169 1860 Dic,

123 1863 198 1899 Dic
218 1863 394 1911 aliquem,
415 1863 537 1909 sodes,
558 1863 633 1907 hic,
653 1864 907 1909 Quintiliane,
928 1864 1090 1900 colorem
1109 1877 1116 1900 :

124 1915 348 1951 Haeremus:
378 1915 440 1951 dic
462 1915 551 1963 ipsa.
607 1915 710 1951 Olim
731 1924 971 1961 convenerat,
993 1916 1126 1964 inquit,

125 1967 174 2004 Ut
195 1967 337 2003 faceres
357 1975 410 2012 tu,
430 1967 528 2014 quod
550 1966 675 2012 velles,
696 1980 767 2003 nec
788 1981 865 2003 non
885 1981 956 2016 ego
976 1981 1124 2016 possem

124 2019 329 2068 Indulgere
350 2019 442 2055 mihi
461 2031 467 2054 :
498 2018 639 2054 clames
659 2018 761 2064 licet,
782 2027 819 2056 et
838 2032 940 2056 mare
960 2020 1055 2057 coelo

123 2071 360 2117 Confundas,
380 2071 491 2107 homo
510 2083 603 2106 sum.
661 2070 768 2107 Nihil
788 2080 844 2108 est
863 2073 1043 2108 audacius
1059 2072 1133 2109 illis

124 2122 354 2172 Deprensis:
385 2123 478 2159 iram
498 2131 608 2171 atque
628 2123 772 2159 animos
792 2137 813 2159 a
833 2124 991 2160 crimine
1011 2132 1176 2161 sumunt.

123 2175 234 2213 Unde
256 2176 336 2211 haec
355 2182 520 2212 monstra
538 2183 678 2221 tamen,
700 2176 755 2211 vel
775 2188 848 2224 quo
868 2176 914 2211 de
931 2176 1044 2223 fonte,
1065 2177 1249 2225 requiris?

124 2228 332 2265 Praestabat
349 2235 472 2265 castas
493 2227 644 2264 humilis
665 2228 811 2264 fortuna
831 2227 985 2264 Latinas

122 2279 344 2325 Quondam,
366 2292 442 2315 nec
461 2279 559 2316 vitiis
578 2280 746 2328 contingi
767 2292 880 2328 parva
899 2280 1073 2317 sinebant

124 2331 248 2368 Tecta
263 2331 378 2377 labor,
399 2331 593 2380 somnique
614 2332 756 2377 breves,
775 2340 812 2368 et
831 2332 966 2369 vellere
985 2332 1117 2370 Tusco

124 2383 279 2420 Vexatae
299 2384 474 2431 duraeque
494 2379 647 2429 manuS,'
661 2397 704 2420 ac
724 2384 915 2432 proximus
934 2384 1026 2421 Urbi

125 2435 332 2483 Hannibal,
354 2443 391 2472 et
409 2442 549 2524 stantes
570 2436 720 2473 Collina
740 2444 840 2473 turre
859 2436 993 2473 mariti.

1379 115 1430 151 29

1357 930 1435 966 215

1356 1190 1435 1228 220

1356 1710 1434 1747 230

1352 1970 1432 2007 235

1353 2230 1430 2267 240
