1596 2779
644 194 807 224 sATlRA
831 194 873 224 V.

103 287 183 325 Ore
201 295 300 325 teres
321 288 480 334 modico,
500 288 682 337 pallentes
702 288 832 324 radere
854 300 975 323 mores

104 338 261 386 Doctus,
282 347 319 376 et
339 340 505 388 ingenuo
521 340 669 388 culpam
690 339 854 387 defigere
874 339 974 375 ludo.

105 391 209 428 Hinc
228 392 344 437 trahe,
364 404 446 439 quae
467 391 584 437 dicas,
605 403 849 438 mensamque
869 390 1037 438 relinque
1059 389 1233 438 Mycenis

105 442 204 479 Cum
224 443 345 492 capite
364 451 401 480 et
419 443 588 492 pedibus,
609 443 828 492 plebeiaque
848 443 1004 490 prandia
1024 441 1137 478 noris.

157 494 244 531 Non
265 495 437 542 equidem
459 495 528 531 hoc
548 495 692 540 studeo,
714 494 862 530 bullatis
882 502 922 530 ut
941 494 1033 530 mihi
1052 494 1162 542 nugis

108 545 249 595 Pagina
267 554 467 595 turgescat,
488 547 576 583 dare
595 547 740 595 pondus
760 546 895 582 idonea
915 546 1027 582 fumo.

106 598 250 635 Secreti
270 598 462 646 loquimur.
519 599 610 635 Tibi
630 611 745 644 nunc,
768 598 937 634 hortante
958 597 1156 642 Camoena,

110 649 344 686 Excutienda
360 650 492 686 damus
511 651 738 698 praecordia:
767 657 979 697 quantaque
1000 657 1135 686 nostrae

107 702 196 738 Pars
211 709 275 738 tua
294 702 354 748 sit,
374 701 554 748 Cornute,
575 703 723 747 animae,
744 702 824 747 tibi,
844 701 966 737 dulcis
988 701 1120 746 amice,

104 754 328 790 Ostendisse
347 755 461 802 juvat.
520 754 643 800 Pulsa,
664 755 885 802 dignoscere
906 760 1050 799 cautus,

103 805 209 844 Quid
231 805 391 842 solidum
410 813 550 855 crepet,
571 814 607 842 et
626 807 735 854 pietae
755 806 911 842 tectoria
930 805 1078 853 linguae.

106 857 178 893 His
196 870 267 906 ego
286 865 465 894 centenas
485 858 602 894 ausim
616 859 819 906 deposcere
840 870 962 902 voces,

105 909 166 955 Ut,
186 908 367 957 quantum
387 910 477 945 mihi
493 917 528 945 te
548 910 699 946 sinuoso
720 909 756 945 in
777 917 926 957 pectore
948 909 1024 954 fixi,

105 961 209 998 Voce
229 962 372 998 traham
390 962 496 1010 pura,
514 969 706 1009 totumque
728 962 798 996 lioc
820 961 929 996 verba
948 962 1153 1009 resignent,

104 1013 221 1052 Quod
241 1013 329 1050 latet
347 1014 485 1049 arcana
501 1026 576 1049 non
596 1013 804 1049 enarrabile
824 1013 927 1048 fibra.

157 1064 290 1103 Quum
310 1064 469 1114 primum
489 1065 622 1113 pavido
642 1074 768 1101 custos
787 1065 878 1100 mihi
897 1077 1061 1112 purpura
1082 1064 1206 1110 cessit,

107 1117 287 1165 Bullaque
304 1117 507 1153 succinctis
522 1117 662 1152 laribus
681 1117 819 1152 donata
839 1117 1038 1165 pependit;

106 1168 239 1207 Quum
260 1169 385 1204 blandi
406 1170 574 1214 comites,
591 1169 740 1217 totaque
761 1169 912 1217 impune
934 1169 1083 1204 Subura
1120 1201 1125 1205 .

106 1220 279 1257 Permisit
299 1221 475 1269 sparsisse
495 1222 623 1257 oculos
639 1221 716 1269 jam
736 1221 920 1256 candidus
941 1221 1055 1257 umbo
1072 1234 1079 1264 ;

105 1272 310 1321 Quumque
330 1274 398 1309 iter
419 1273 636 1321 ambiguum
657 1280 725 1318 est,
745 1281 782 1308 et
803 1273 885 1308 vitae
905 1273 1055 1308 nescius
1071 1284 1173 1308 error

106 1324 262 1361 Diducit
281 1325 444 1374 trepidas
462 1337 607 1361 ramosa
626 1325 664 1361 in
685 1325 847 1373 compita
866 1332 1031 1360 mentes:

107 1376 170 1413 Me
190 1377 255 1413 tibi
276 1377 462 1425 supposui.
519 1376 691 1413 Teneros
707 1383 746 1412 tu
766 1377 923 1425 suscipis
943 1389 1059 1413 annos

106 1429 310 1474 Socratico,
327 1429 508 1475 cornute,
528 1430 624 1465 sinu.
681 1429 796 1464 Tunc
816 1429 941 1465 fallere
961 1428 1077 1465 solers

106 1482 287 1540 Apposita
307 1481 461 1517 intortos
480 1481 642 1518 ostendit
661 1481 791 1539 regula
807 1494 929 1517 mores
946 1494 953 1525 ;

105 1532 154 1569 Et
173 1534 350 1581 premitur
369 1534 511 1569 ratione
531 1533 691 1578 animus,
713 1533 885 1580 vincique
898 1532 1053 1578 laborat,

106 1585 377 1643 Artificemque
398 1592 462 1621 tuo
482 1585 586 1621 ducit
605 1585 674 1620 sub
689 1585 829 1643 pollice
851 1585 1001 1621 vultum.

105 1635 255 1673 'lecum
275 1637 415 1673 etenim
436 1637 566 1685 longos
585 1637 738 1673 memini
759 1650 981 1673 consumere
1001 1637 1110 1682 soles,

106 1687 154 1724 Et
173 1695 298 1724 tecum
317 1689 454 1737 primas
473 1689 591 1737 epulis
611 1689 812 1737 decerpere
834 1697 975 1725 noctes.

106 1740 232 1776 Unum
253 1754 345 1790 opus
365 1749 401 1777 et
421 1741 588 1788 requiem
607 1741 742 1789 pariter
760 1740 992 1789 disponimus
1012 1741 1134 1787 ambo,

105 1792 230 1840 Atque
250 1793 463 1829 verecunda
482 1793 650 1829 laxamus
670 1793 765 1829 seria
786 1793 926 1829 mensa.

105 1843 192 1880 Non
212 1845 386 1893 equidem
406 1845 477 1881 hoc
492 1845 652 1890 dubites,
673 1845 867 1881 amborum
887 1845 1025 1881 foedere
1045 1852 1148 1881 certo

104 1896 329 1932 Consentire
349 1897 442 1942 dies,
464 1904 501 1932 et
521 1897 567 1932 ab
588 1909 663 1933 uno
683 1897 804 1932 sidere
824 1897 922 1932 duci.

105 1947 243 1984 Nostra
263 1949 317 1984 vel
339 1948 469 1996 oequali
490 1949 683 1997 suspendit
702 1956 869 1997 tempora
889 1948 1003 1984 Libra

105 2000 223 2036 Parca
244 2008 356 2037 tenax
376 2000 464 2045 veri,
484 2013 550 2036 seu
567 2008 654 2037 nata
673 2000 845 2036 fidelibus
865 2001 955 2037 hora

105 2051 247 2089 Dividit
267 2053 303 2089 in
324 2052 505 2089 Geminos
524 2053 727 2089 concordia
746 2052 820 2088 fata
839 2052 1014 2099 duorum,

106 2105 382 2153 Saturnumque
402 2116 552 2153 gravem
572 2114 698 2141 nostro
717 2104 810 2141 Jove
830 2105 1038 2154 frangimus
1059 2104 1147 2143 una.

105 2156 246 2193 Nescio
264 2157 361 2205 quod
381 2155 573 2203 certe-est,
593 2157 689 2205 quod
707 2169 766 2192 me
786 2156 851 2193 tibi
879 2164 1073 2206 temperat,
1095 2164 1249 2194 astrum.

157 2208 263 2245 Mille
284 2209 475 2245 hominum
497 2209 655 2257 species,
674 2216 712 2245 et
731 2221 854 2245 rerum
873 2209 1032 2246 discolor
1052 2222 1154 2245 usus.

104 2261 211 2298 Velle
231 2273 340 2296 suum
360 2261 495 2309 cuique
514 2268 583 2307 est,
605 2273 676 2297 nec
696 2268 779 2297 voto
806 2261 937 2297 vivitur
954 2274 1028 2297 uno

104 2312 298 2350 Mercibus
319 2313 380 2348 hic
399 2311 504 2349 Italis
522 2320 642 2349 mutat
657 2313 727 2348 sub
747 2313 823 2349 sole
844 2313 987 2349 recenti

104 2365 302 2414 Rugosum
322 2364 437 2413 piper,
457 2371 494 2401 et
512 2364 686 2413 pallentis
702 2377 819 2414 grana
838 2365 980 2402 cumini
996 2378 1003 2401 :

105 2417 182 2454 Hic
202 2424 301 2452 satur
321 2416 460 2465 irriguo
480 2416 618 2453 mavult
637 2424 850 2465 turgescere
867 2429 1018 2454 somno:

106 2469 181 2505 Hic
201 2468 345 2517 Campo
365 2468 555 2517 indulget:
587 2469 687 2504 hunc
709 2468 790 2504 alea
810 2469 1009 2517 decoquit:
1040 2470 1101 2506 illc

104 2520 150 2557 In
171 2520 359 2557 Venerem
378 2527 439 2608 essst)
453 2520 593 2592 putris:
623 2521 688 2556 sed
707 2533 821 2568 quum
841 2521 1009 2569 lapidosa
1028 2522 1211 2574 cheragra

1336 195 1405 232 101

1357 545 1409 581 20

1359 1063 1411 1101 30

1358 1584 1409 1622 40

1358 2106 1409 2144 50
