1596 2779
300 440 378 487 D.
432 437 665 486 JUNII
717 434 1190 484 JUVENALIS

641 607 856 636 AQUINATIS

504 753 996 796 SATIRARUM

567 921 704 951 LIBER
725 920 932 951 TERTIUS.

584 1207 791 1244 SATIRA
820 1203 910 1244 VII‘.

151 1313 209 1349 ΕΤ
228 1325 325 1362 speS‚
345 1320 381 1349 et
399 1312 492 1348 ratio
512 1312 719 1348 studiorum
740 1312 777 1347 in
799 1311 948 1347 Caesare
968 1307 1114 1346 tantum
1136 1321 1144 1345 t

101 1365 210 1401 Solus
229 1364 330 1401 enirn
349 1364 471 1400 tristes
490 1364 561 1400 hac
582 1371 800 1411 tempestate
822 1362 1024 1398 Camoenas

101 1416 298 1465 Respexit,
319 1428 432 1463 quum
450 1416 524 1464 jam
545 1416 723 1460 celebres,
745 1415 896 1462 notique
917 1416 1039 1462 poetae

100 1467 320 1504 Balneolum
341 1468 485 1513 Gabiis,
507 1467 641 1503 Romae
661 1468 872 1503 conducere
894 1466 1022 1501 furnos

100 1519 334 1563 Te11tarent3
365 1532 435 1555 nec
456 1520 593 1555 foedum
615 1519 689 1563 alii,
713 1532 783 1554 nec
803 1526 908 1565 turpe
927 1524 1101 1566 putarent

100 1571 298 1608 Praecones
317 1571 409 1616 fieri,
429 1583 555 1618 quum,
577 1571 731 1606 desertis
753 1570 970 1618 Aganippes

100 1623 283 1669 Vallibus,
305 1623 473 1659 esuriens
493 1623 666 1670 migraret
687 1623 723 1658 in
745 1623 836 1658 atria
857 1622 950 1658 Clio.

101 1674 214 1720 Nam,
235 1676 264 1711 si
286 1675 408 1710 Pieria
426 1674 612 1721 quadrans
632 1674 696 1710 tibi
717 1674 840 1710 nullus
860 1674 896 1709 in
917 1673 1049 1709 umbra

100 1726 344 1771 Ostendatur,
366 1738 467 1761 ames
487 1738 623 1761 nomen
644 1727 855 1773 victumque
876 1725 1091 1771 Machaerae,

101 1778 147 1814 Et
168 1779 307 1814 vendas
326 1776 461 1826 potiuS,
477 1778 673 1813 commissa
694 1778 790 1825 quod
812 1778 935 1813 auctio
954 1777 1080 1813 vendit

101 1830 307 1875 stantibus,
327 1830 584 1877 oenophorum,
604 1830 779 1877 tripodas,
799 1830 970 1875 armaria,
991 1829 1117 1875 cistas,

104 1882 310 1929 Alcyonem
332 1881 460 1926 Pacci,
481 1881 634 1916 Thebas
654 1890 691 1917 et
709 1881 834 1917 Terea
855 1881 995 1917 Fausti.

102 1933 187 1969 Hoc
207 1933 334 1977 satius,
354 1931 464 1979 quam
486 1932 515 1967 si
535 1933 640 1967 dicas
660 1933 728 1968 sub
745 1933 887 1981 judice,
909 1933 1011 1979 Vidi,

99 1984 217 2023 Quod
238 1997 311 2020 non
333 1984 464 2019 vidisti.
522 1983 681 2020 Faciant
700 1985 843 2032 equites
864 1985 997 2020 Asiani

100 2037 345 2084 Quanquam,
365 2043 402 2071 et
421 2036 667 2083 Cappadoces
685 2036 833 2081 faciant,
854 2037 1070 2084 equitesque
1090 2036 1257 2085 Bithyni,

102 2089 231 2125 Altera
248 2100 340 2136 quos
359 2088 460 2123 nudo
480 2088 638 2123 traducit
659 2088 780 2124 Gallia
798 2088 882 2124 talo.

102 2139 226 2176 Nemo
245 2147 369 2175 tamen
391 2139 521 2175 studiis
542 2139 737 2187 indignum
759 2140 853 2175 ferre
873 2140 1040 2176 laborem

101 2192 266 2240 Cogetur
281 2191 447 2239 posthac,
468 2191 586 2227 nectit
600 2192 812 2239 quicunque
833 2192 980 2228 canoris

101 2243 298 2291 Eloquium
320 2243 447 2278 vocale
469 2243 598 2287 modis,
620 2243 838 2291 laurumque
861 2244 1068 2280 momordit.

102 2295 187 2332 Hoc
207 2295 318 2343 agite,
335 2307 357 2330 0
373 2294 529 2341 juvenes
547 2308 553 2330 z
583 2295 850 2343 circumspicit,
871 2302 908 2331 et
927 2296 1092 2333 stimulat
1111 2309 1187 2343 VOS,

102 2345 371 2393 Materiamque
392 2346 460 2381 sibi
478 2345 596 2381 Ducis
617 2347 851 2393 indulgentia
869 2348 1010 2395 quaerit.

102 2398 143 2434 Si
163 2411 234 2446 qua
254 2398 405 2434 aliunde
426 2404 534 2445 putas
553 2410 675 2433 rerum
696 2400 951 2446 exspectanda
969 2408 1118 2436 tuarum

102 2449 292 2492 Praesidia‚
313 2457 422 2496 atque
443 2449 526 2484 ideo
548 2461 691 2485 croceze
712 2451 929 2487 membrana
948 2453 1093 2488 tabellae

103 2501 307 2550 [inpletur;
337 2501 523 2549 lignorum
544 2501 682 2549 aliquid
702 2515 814 2550 posce
834 2502 954 2550 ocius,
975 2511 1024 2549 ct,
1045 2517 1127 2552 quae

1360 1776 1407 1813 10

1355 2297 1408 2335 20
