1596 2779
160 152 213 189 26
578 151 618 181 D.
643 151 770 182 JUNH
794 152 1052 182 JUVENALIS

162 244 283 292 thue
304 244 426 293 magis
448 252 609 292 stupeaS‚
630 244 738 281 ludos
757 245 1004 292 Paridemque
1026 244 1181 292 reliquit.

161 296 241 332 Sed.
257 309 467 344 quanquam
488 297 524 332 in
546 297 692 344 magnis
709 297 854 344 opibus,
874 297 1073 345 plumaque
1093 296 1261 344 paterna,
1419 297 1471 334 70

160 347 209 383 Et
228 349 470 396 segmentatis
490 348 687 383 dormisset
705 348 858 395 parvula
877 347 999 393 cunis,

159 398 395 447 Contempsit
415 399 590 448 pelagus:
622 400 758 435 famam
779 407 1053 447 contempserat
1071 399 1172 445 olim,

157 450 277 499 Cujus
297 452 394 499 apud
416 451 544 487 molles
565 451 717 487 minima
737 459 791 488 est
807 451 955 498 jactura
973 452 1179 487 cathedras.

157 501 376 550 Tyrrhenos
397 503 508 550 igitur
529 502 664 538 fluctus
683 501 832 550 lateque
852 511 1049 538 sonantem

157 552 312 590 Pertulit
333 554 480 590 Ionium
501 554 684 590 constanti
705 562 867 603 pectore,
887 554 1056 602 quamvis
1413 555 1465 592 75

157 604 384 641 Mutandum
405 606 512 642 toties
532 613 628 641 esset
648 619 761 641 mare.
817 605 925 641 Justa
945 605 1073 654 pericli

157 656 197 692 Si
219 658 311 693 ratio
330 666 386 693 est
405 666 440 693 et
462 658 636 702 honesta3
666 658 810 703 timent,
832 658 1038 715 pavidoque
1057 657 1228 706 gelantur

155 707 325 754 Pectore,
346 722 416 745 nec
437 710 603 745 tremulis
622 723 685 757 pos
689 717 775 746 sunt
795 710 964 745 insistere
985 710 1138 767 plantis:

155 758 306 797 Fortem
327 761 491 797 animum
509 769 686 810 praestant
706 761 828 806 rebus,
848 773 940 808 quas
958 762 1112 809 turpiter
1133 762 1283 798 audent.

155 811 196 847 Si
213 812 343 860 jubeat
363 813 513 861 conjux,
534 813 668 849 durum
688 820 743 848 est
763 792 1016 861 conscendere
1038 813 1182 858 navim;
1410 812 1462 851 80

154 862 269 899 Tunc
289 865 436 900 sentina
455 865 589 912 gravis,
603 873 693 901 tunc
714 877 881 900 summus
901 865 1052 900 vertitur
1072 867 1147 901 aer.

152 913 253 953 Quae
274 917 462 951 moechum
483 917 661 964 sequitur,
682 917 874 952 stomacho
894 916 998 952 valet.
1055 916 1124 952 Illa
1142 916 1316 953 maritum

153 966 375 1004 Convoxnit:
406 969 487 1003 hoec
508 969 601 1004 inter
623 976 756 1017 nautas
776 977 812 1004 et
831 969 1001 1016 prandet,
1021 975 1057 1004 et
1076 976 1173 1004 errat

153 1018 224 1055 Per
243 1032 418 1068 puppem,
439 1028 475 1056 et
495 1021 606 1056 duros
625 1020 763 1068 gaudet
783 1028 941 1056 tractare
960 1020 1147 1057 rudentes.

150 1069 243 1108 Qua
263 1079 387 1107 tamen
408 1072 544 1107 exarsit
564 1072 693 1116 forma,
714 1072 787 1120 qua
807 1080 914 1119 capta
930 1072 1083 1119 juventa⁴
1102 1079 1158 1108 est
1409 1071 1461 1108 85

151 1122 321 1171 Hippia?
349 1124 437 1171 quid
459 1124 560 1168 vidit,
580 1131 726 1171 propter
745 1124 841 1171 quod
863 1123 965 1159 ludia
983 1123 1058 1158 dici

152 1173 366 1211 Sustinuit?
398 1188 483 1211 nam
506 1176 697 1223 Sergiolus
712 1175 788 1223 jam
809 1176 938 1211 radere
958 1182 1084 1224 guttur

151 1225 338 1275 Coeperat,
359 1236 395 1264 et
415 1235 517 1263 secto
536 1228 701 1275 requiem
722 1240 868 1275 sperare
889 1227 1038 1263 lacerto.

151 1277 339 1315 Praeterea
359 1279 473 1315 multa
495 1280 531 1315 in
554 1279 647 1315 facie
668 1279 869 1322 deformia;
899 1279 997 1315 sicut
1191 1318 1196 1322 ,

150 1331 315 1367 Attritus
336 1331 457 1379 galea,
480 1331 684 1379 mediisque
702 1331 739 1366 in
760 1331 912 1367 naribus
933 1332 1066 1379 ingens
1405 1331 1457 1367 90

149 1382 307 1428 Gibbus,
328 1391 365 1419 et
385 1396 468 1419 acre
488 1383 626 1418 malum
647 1395 792 1431 semper
812 1383 983 1419 stillantis
1003 1382 1125 1419 ocelli.

150 1433 225 1470 Sed
248 1435 429 1483 gladiator
450 1443 529 1471 erat
546 1448 553 1470 :
584 1435 672 1471 facit
691 1435 762 1471 hoc
782 1435 862 1471 illos
883 1435 1116 1483 Hyacinthos
1133 1447 1141 1478 3

149 1485 235 1522 Hoc
255 1487 392 1534 pueris,
414 1487 627 1534 patriaeque,
649 1487 717 1523 hoc
737 1487 897 1534 praetulit
917 1487 977 1522 illa
997 1487 1110 1523 sorori

149 1537 274 1586 Atque
296 1538 383 1574 viro.
441 1538 597 1574 Ferrum
617 1539 803 1586 est‚-quod
825 1546 961 1574 amant.
1019 1538 1094 1574 Hic
1116 1537 1270 1586 Sergius
1289 1537 1388 1574 idem

148 1590 323 1638 Accepta
346 1591 436 1626 rude
456 1590 630 1639 coepisset
650 1591 811 1626 Veiento
832 1590 1014 1628 rideri—
1403 1589 1455 1626 95

202 1641 458 1690 Hippomanes
478 1655 703 1690 carmenque
723 1642 862 1689 loquar,
883 1650 1104 1690 coctumque
1125 1653 1310 1678 venenum

148 1692 396 1742 Privignoque
417 1694 543 1730 datum
560 1695 574 1729 7
604 1694 766 1730 Faciunt
785 1706 952 1741 graviora
972 1701 1112 1730 coactae

148 1744 310 1793 Imperio
329 1759 453 1790 sexus,
477 1744 747 1794 minimumque
768 1745 923 1781 libidine
943 1753 1115 1792 peccant.

198 1796 354 1845 Optima
373 1798 437 1833 sed
458 1810 573 1846 quare
593 1798 794 1842 Cesennia,
815 1804 908 1833 teste
929 1797 1060 1833 marito
1073 1798 1088 1832 7

147 1847 211 1885 Bis
231 1850 434 1898 quingenta
454 1850 556 1886 dedit
573 1862 580 1893 ;
610 1849 703 1885 tanti
725 1857 831 1885 vocat
851 1848 911 1884 ille
930 1849 1121 1896 pudicam,
1379 1849 1453 1886 100

146 1899 232 1937 Nec
253 1901 410 1937 Veneris
429 1902 610 1950 pharetris
631 1914 756 1937 macer
776 1908 843 1946 est,
867 1908 929 1936 aut
948 1900 1120 1950 lampade
1140 1899 1278 1936 servet:

146 1951 242 1989 Inde
265 1953 365 1989 faces
386 1954 538 1997 ardent;
569 1953 722 1989 veniunt
742 1966 763 1988 a
782 1953 867 1988 dote
886 1952 1042 2000 sagittae.

145 2003 319 2040 Libertas
340 2006 497 2041 emitur:
527 2003 654 2041 coram
675 2004 762 2040 licet
782 2005 913 2040 innuat
933 2012 1042 2052 atque

145 2054 359 2102 Rescribaa,
381 2057 491 2092 vidua
510 2064 578 2102 est,
599 2055 765 2103 locuples
783 2068 865 2103 quae
886 2056 1012 2104 nupsit
1030 2068 1151 2092 avaro.

197 2108 275 2144 Cur
296 2108 483 2145 desiderio
502 2108 645 2144 Bibulae
668 2107 853 2143 Sertorius
872 2107 1005 2143 ardet?
1378 2107 1451 2144 105

144 2158 186 2195 Si
206 2172 333 2195 verum
352 2160 537 2205 excutias,
558 2160 685 2204 facies,
706 2172 779 2195 non
801 2171 891 2195 uxor
911 2166 1065 2195 amatur.

143 2211 242 2248 Tres
262 2225 363 2261 rugoe
386 2213 557 2258 subeant,
577 2219 614 2247 et
633 2224 671 2247 se
691 2212 788 2246 cutis
808 2211 910 2247 arida
928 2211 1040 2257 laxet,

144 2262 256 2300 Fiant
273 2264 421 2300 obscuri
443 2265 585 2308 dentes,
601 2263 773 2310 oculique
793 2263 954 2299 minores
970 2275 979 2307 ;

143 2313 290 2364 Collige
310 2316 528 2361 sarcinulas,
548 2316 648 2351 dicet
668 2315 833 2360 libertus,
853 2322 890 2351 et
907 2315 966 2350 exi
985 2326 992 2350 :

142 2366 229 2403 Jam
249 2368 370 2415 gravis
389 2382 429 2404 es
448 2368 567 2412 nobis,
588 2375 625 2403 et
644 2365 742 2414 saepe
763 2367 992 2414 emungeris,
1012 2366 1071 2403 exi
1375 2365 1451 2403 110

141 2417 277 2465 Ocius,
297 2427 334 2455 et
352 2432 508 2468 propera
525 2433 532 2455 :
561 2420 663 2455 sicco
683 2419 782 2455 venit
803 2418 917 2455 altera
938 2431 1038 2455 naso.

143 2470 296 2508 Interea
315 2472 424 2518 calet,
444 2480 482 2508 et
500 2479 644 2520 regnat,
664 2471 855 2519 poscitque
875 2470 1048 2506 maritum
