1596 2779
170 124 221 159 15⁸3
583 122 623 152 D.
647 122 773 152 JUNH
798 121 1055 153 JUVRNALIS

170 215 258 251 Non
281 215 413 251 habeat
433 223 612 260 matrona,
633 216 699 251 tibi
719 228 799 263 quae
817 216 948 264 juncta
969 216 1167 261 recumbit,

170 266 333 302 Dicendi
353 279 486 314 genus,
507 274 571 302 aut
592 276 739 302 curtum
761 280 930 303 sermone
951 275 1069 303 rotato

170 317 361 366 Torqueat
381 319 631 366 enthymema,
652 331 722 354 nec
744 319 913 355 historias
933 319 1026 354 sciat
1045 331 1197 362 omnes;

171 370 245 405 Sed
265 370 436 417 quaedam
456 383 501 406 ex
521 370 624 405 libris
643 378 680 405 et
700 382 774 405 non
795 370 988 417 intelligat.
1044 369 1120 405 Odi

171 421 282 457 Hanc
301 433 384 468 eg0‚
404 434 487 469 quae
508 421 640 469 repetit
660 421 842 469 volvitque
864 421 1086 457 Palaemonis
1106 429 1237 467 artem,

171 473 323 508 Servata
344 486 488 521 semper
509 473 591 519 lege
612 480 648 508 et
667 472 808 508 ratione
824 473 1015 520 loquendi,

169 523 395 571 Ignotosque
416 525 506 560 mihi
526 532 627 560 tenet
647 524 855 571 antiquaria
875 537 1015 570 versus,

167 574 254 611 Nec
273 576 440 611 curanda
460 576 545 612 viris
565 577 683 624 opicae
703 576 860 624 castigat
881 576 1010 612 amicae

167 626 304 662 Verba.
362 628 624 663 Soloecismum
645 627 753 663 liceat
771 627 902 663 secisse
918 628 1059 664 marito.

221 678 283 714 Nil
306 692 378 715 non
400 680 577 726 permittit
597 679 728 714 mulier
749 679 832 724 sibi,
853 687 958 727 turpe
975 686 1079 727 putat
1098 678 1164 725 nil,

167 729 301 768 Quum
322 731 458 766 virides
477 743 646 779 gemmas
665 731 760 767 collo
786 731 1045 775 circumdedit,
1066 739 1102 767 et
1120 742 1236 779 quum

168 782 336 817 Auribus
356 782 516 818 extentis
534 795 689 830 magnos
709 782 896 818 commisit
915 782 1103 818 elenchos.

168 832 443 870 Intolerabilius
463 834 554 870 nihil
575 842 643 879 est,
663 832 774 881 quam
796 834 947 870 foemina
966 834 1078 870 dives.

221 884 370 922 Interea
392 886 487 921 foeda
507 894 660 934 aspectu
680 886 910 932 ridendaque
937 886 1053 921 multo

167 936 270 973 Pane
290 945 408 973 tumet
429 938 554 983 facies,
576 946 638 973 aut
657 937 812 986 pinguia
832 937 1043 985 Poppaeana

169 989 305 1036 Spirat,
327 998 362 1025 et
383 989 472 1025 hinc
492 989 616 1025 miseri
638 990 825 1025 viscantur
847 989 948 1025 labra
968 989 1100 1025 mariti.

168 1041 230 1076 Ad
251 1042 441 1076 moechum
462 1042 584 1077 veniet
604 1041 675 1077 lota
697 1049 793 1076 cute.
850 1040 1017 1079 Quando
1037 1041 1153 1076 videri

168 1091 259 1128 Vult
275 1093 433 1129 formosa
453 1093 579 1129 domi?
608 1093 764 1128 moechis
785 1092 907 1128 foliata
928 1101 1114 1140 parantur.

168 1143 240 1180 His
259 1146 406 1190 emitur,
427 1145 605 1193 quidquid
625 1144 782 1193 graciles
803 1145 876 1180 huc
896 1145 1040 1180 mittitis
1060 1144 1157 1180 Indi.

167 1195 343 1232 Tandem
364 1197 480 1246 aperit
501 1197 655 1241 vultum,
675 1204 710 1232 et
732 1197 885 1233 tectoria
901 1196 1020 1245 prima
1039 1196 1207 1245 reponit:

168 1246 308 1296 Incipit
328 1249 495 1297 agnosci,
515 1257 626 1297 atque
647 1248 709 1284 illo
725 1248 822 1284 lacte
843 1249 998 1295 fovetur,

167 1299 322 1349 Propter
341 1301 438 1349 quod
460 1313 588 1337 secum
608 1300 766 1336 comites
782 1300 909 1336 educit
930 1301 1077 1345 asellas,

168 1350 284 1388 Exsul
306 1352 592 1401 Hyperboreum
614 1352 644 1388 si
665 1352 872 1388 dimittatur
892 1353 936 1388 ad
959 1365 1078 1390 axem.

169 1404 243 1439 Sed
264 1417 346 1452 qua-“2
367 1405 517 1441 mutatis
537 1403 727 1440 inducitur
761 1412 870 1452 atque
892 1404 1032 1440 fovetur

168 1455 245 1492 Tot
264 1456 592 1501 medicaminibus,
613 1463 804 1503 coctaeque
825 1456 982 1504 siliginis
1001 1456 1092 1492 offas

167 1508 319 1556 Accipit
340 1516 376 1544 et
397 1509 570 1553 madidae,
592 1508 705 1544 facies
725 1508 884 1553 dicetur,
904 1520 951 1543 an
972 1508 1106 1544 ulcus?

220 1559 287 1595 Est
307 1561 465 1608 pretium
487 1572 600 1605 curae,
620 1558 770 1608 penitus
790 1572 1031 1608 cognoscere,
1051 1567 1129 1595 toto

166 1610 274 1650 Quid
296 1613 433 1648 faciant
453 1613 665 1661 agitentque
686 1612 758 1648 die.
816 1613 856 1648 Si
874 1619 982 1647 nocte
1003 1611 1157 1647 maritus

167 1664 334 1699 Aversus
351 1664 489 1712 jacuit;
519 1664 628 1711 periit
647 1663 810 1709 libraria,
830 1671 975 1711 ponunt

167 1715 353 1752 Cosmetae
374 1716 534 1761 tunicas,
556 1713 660 1751 tarde
682 1715 826 1751 venisse
847 1715 1038 1751 Liburnus

167 1766 329 1813 Dicitur,
350 1776 387 1804 et
406 1781 535 1816 poenas
555 1767 665 1803 alieni
686 1768 849 1815 pendere
870 1767 989 1803 somni

167 1819 346 1868 Cogitur:
377 1821 437 1856 hic
458 1820 592 1868 frangit
612 1819 760 1864 ferulas,
782 1819 890 1855 rubet
909 1819 968 1855 ille
990 1818 1159 1867 flagellis,

167 1870 245 1907 Hic
264 1873 409 1908 scutica
425 1885 432 1907 ε
462 1880 562 1916 sunt,
581 1884 664 1919 quae
684 1871 883 1907 tortoribus
904 1883 1029 1906 annua
1048 1877 1237 1918 praestent.

168 1923 362 1969 Verberat,
383 1932 492 1972 atque
511 1924 628 1960 obiter
649 1923 782 1959 faciem
802 1922 905 1966 linit3
937 1923 1040 1958 audit
1061 1922 1212 1968 amicas,

167 1977 248 2012 Aut
266 1977 382 2012 latum
402 1977 511 2024 pictae
532 1975 642 2011 vestis
662 1975 872 2011 considerat
892 1987 1038 2020 aurum,

167 2027 216 2064 Et
236 2029 347 2064 caedit
364 2041 371 2072 ;
401 2028 501 2076 longi
522 2027 654 2075 relegit
673 2035 880 2063 transversa
901 2027 1039 2071 diurni,

167 2079 217 2116 Et
237 2080 362 2125 caedit,
383 2080 504 2116 donec
524 2079 629 2115 lassis
649 2079 894 2124 eaedentibus,
915 2077 1009 2114 EXI

168 2131 320 2168 Intonet
340 2132 580 2177 horrendum,
596 2130 673 2179 jam
694 2130 910 2179 cognitione
930 2130 1093 2178 peracta.

220 2184 447 2220 Praesectura
467 2183 600 2219 domus
622 2183 751 2218 Sicula
773 2195 847 2218 non
868 2182 989 2218 mitior
1010 2182 1108 2218 aula.

167 2235 269 2272 Nam
286 2236 316 2272 si
336 2235 529 2271 constituit
564 2235 743 2282 solitoque
764 2233 960 2271 decentius
980 2241 1082 2282 optat

167 2289 318 2333 Ornari,
339 2296 375 2324 et
395 2294 578 2335 properat,
594 2287 744 2334 jamque
765 2294 1000 2334 exspectatur
1016 2286 1053 2322 in
1074 2286 1203 2332 hortis,

169 2341 249 2377 Aut
268 2341 364 2388 apud
387 2339 517 2376 Isiacae
534 2337 656 2388 potius
676 2339 836 2374 sacraria
852 2338 967 2382 lenaess

170 2392 345 2440 Disponit
364 2392 506 2428 crinem
528 2390 699 2427 laceratis
721 2390 799 2438 ipsa
819 2390 962 2439 capillis

171 2444 286 2481 Nuda
306 2444 460 2480 humero
479 2443 617 2480 Psecas
637 2442 779 2487 infelix,
800 2442 985 2490 nudisque
1001 2441 1186 2478 mamillis,

1392 575 1471 613 340

1393 1093 1471 1130 350

1394 1611 1472 1648 36⁰

1396 1870 1473 1907 365

1396 2130 1475 2167 370

1397 2390 1474 2427 375
