1596 2779
661 142 824 174 SATIRA
849 142 911 174 111.

132 239 300 278 Perdidit
320 238 449 275 infelix
469 245 587 275 totum
608 238 698 274 nihil
718 250 724 273 :
755 237 909 274 ultimus
929 244 1052 272 autem

135 293 331 329 AErumnae
353 291 539 336 cumulus,
559 288 659 337 quod
679 290 837 334 nudum,
857 296 894 325 et
914 289 1030 324 frusta
1049 295 1245 336 rogantem

133 344 259 381 Nemo
279 343 377 388 cibo,
398 355 508 378 nemo
528 341 698 390 hospitio,
719 349 891 388 tectoque
917 340 1069 389 juvabit.

135 397 175 433 Si
197 408 333 444 magna
365 394 510 432 Asturii
542 394 680 430 cecidit
699 394 853 429 domus:
885 393 1034 429 horrida
1053 399 1183 437 mater,

134 448 270 484 Pullati
292 459 477 495 proceres,
498 446 621 482 differt
641 445 851 481 vadimonia
872 451 1014 493 praetor.
1102 444 1113 448 ”

133 500 249 536 Tunc
269 498 454 547 gemimus
473 510 582 533 casus
602 497 726 542 Urbis,
746 504 836 532 tunc
855 498 1003 533 odimus
1023 497 1161 544 ignem.

134 552 255 588 Ardet
275 551 411 595 adhuc,
431 557 469 586 et
480 550 555 598 jam
577 550 751 593 accurrit,
772 548 834 596 qui
856 562 1038 585 marmora
1058 549 1184 595 donet,

135 603 313 640 Conferat
336 602 533 650 impensas.
592 601 668 637 Hic
688 601 789 636 nuda
805 608 841 637 et
860 601 1024 636 candida
1045 601 1165 649 signa,

135 655 211 692 Hic
233 654 370 702 aliquid
392 654 613 702 praeclarum
634 652 890 701 Euphranoris
910 660 947 689 et
965 653 1158 701 Polycleti,

128 705 230 744 Haee
251 707 479 743 Asianorum
501 713 626 741 vetera
644 712 868 741 ornamenta
887 705 1054 750 deorum,

134 760 211 796 Hic
230 759 340 796 libros
361 758 477 804 dabit,
497 765 534 793 et
553 757 702 802 forulos
723 757 958 804 mediamque
979 756 1203 804 Minervam,

135 812 211 848 Hic
231 812 395 848 modium
419 810 573 858 argenti.
630 809 791 845 Meliora
810 821 853 844 ac
874 809 978 857 plura
997 810 1142 857 reponit

134 864 309 900 Persicus
327 863 500 900 orborum
520 861 746 898 lautissimus
765 868 801 896 et
822 859 953 896 merito
970 861 1045 908 jam

136 917 357 964 Suspectus,
379 922 554 962 tanquam
580 914 656 961 ipse
677 926 763 948 suas
783 913 994 948 incenderit
1014 914 1123 950 aedes.

135 968 176 1005 Si
196 975 300 1017 potes
319 966 427 1003 avelli
447 965 704 1009 Circensibus,
725 965 866 1013 optima
887 965 1003 1010 Sorae,

134 1020 214 1057 Aut
235 1019 459 1056 Fabrateriae
479 1018 625 1062 domus,
646 1025 710 1053 aut
730 1017 942 1053 Frusinone
961 1024 1123 1065 paratur,

133 1072 281 1112 Quanti
302 1084 404 1108 nunc
424 1070 599 1107 tenebras
620 1082 736 1105 unum
759 1069 941 1105 conducis
962 1069 1000 1105 in
1022 1082 1175 1105 annum.

135 1124 316 1161 Hortulus
336 1123 411 1168 hic,
432 1130 637 1171 puteusque.
658 1122 791 1167 brevis,
814 1135 884 1157 nec
904 1129 1001 1157 reste
1022 1123 1240 1168 movendus,

134 1176 180 1212 In
201 1184 333 1213 tenues
351 1176 496 1224 plantas
517 1175 615 1210 facili
636 1174 854 1210 diffunditur
874 1175 1018 1210 haustu.

133 1229 228 1265 Vive
249 1228 409 1264 bidentis
429 1239 572 1271 amans,
592 1234 629 1262 et
648 1227 738 1262 culti
760 1226 906 1261 villicus
927 1227 1043 1269 horti3

134 1281 243 1318 Unde
263 1280 414 1328 epulum
435 1279 553 1328 possis
573 1286 724 1314 centum
746 1279 833 1314 dare
855 1278 1109 1327 Pythagoreis.

133 1333 202 1370 Est
220 1333 373 1381 aliquid,
395 1344 618 1380 quocunque
638 1331 732 1376 loco,
753 1343 975 1378 quocunque
996 1343 1159 1376 recessu,

133 1385 254 1423 Unius
274 1397 356 1421 sese
376 1384 569 1421 dominum
590 1384 723 1419 fecisse
744 1383 903 1419 lacertae.

186 1438 374 1474 Plurimus
396 1436 457 1473 hic
478 1449 575 1484 aeger
595 1437 749 1471 moritur
770 1436 958 1483 vigilando
976 1448 982 1471 :
1013 1437 1077 1472 sed
1099 1436 1203 1472 illum

132 1490 370 1539 Languorem
390 1488 534 1538 peperit
553 1489 659 1524 cibus
680 1489 931 1536 imperfectus,
951 1496 987 1524 et
1008 1489 1151 1525 haerens

133 1543 293 1581 Ardenti
313 1542 515 1578 stomacho.
574 1540 675 1576 Nam
695 1553 776 1588 quse
798 1541 985 1576 meritoria
1004 1553 1175 1577 somnum

134 1595 380 1632 Admittunt?
411 1593 561 1641 Magnis
581 1593 713 1641 opibus
733 1593 913 1629 dormitur
934 1593 972 1628 in
993 1593 1114 1629 Urbe:

133 1647 230 1684 Inde
247 1654 359 1696 caput
379 1646 508 1682 morbi.
566 1645 787 1682 Rhedarum
809 1646 986 1681 transitus
1006 1654 1107 1682 arcto

134 1700 313 1737 Vicorum
331 1700 368 1736 in
387 1698 547 1745 flexu‚et
563 1699 694 1734 stantis
714 1698 885 1734 convicia
904 1699 1071 1734 mandrae

132 1752 302 1802 Eripient
320 1763 492 1788 somnum
513 1750 650 1795 Druso,
670 1750 866 1798 vitulisque
887 1751 1049 1787 marinis.

133 1806 174 1842 Si
193 1813 301 1842 vocat
319 1804 497 1848 officium,
516 1803 626 1838 turba
646 1803 804 1839 cedente
825 1804 979 1839 vehetur

132 1858 259 1903 Dives,
279 1864 316 1893 et
336 1856 477 1905 ingenti
499 1863 622 1891 curret
642 1868 751 1903 super
770 1868 834 1891 ora
856 1856 1034 1901 Liburno,

132 1911 257 1958 Atque
276 1910 395 1946 obiter
415 1909 525 1956 leget,
549 1916 611 1943 aut
627 1908 777 1952 scribet,
795 1908 850 1943 vel
872 1908 1030 1944 dormiet
1051 1908 1150 1944 intus
1166 1922 1174 1954 3

132 1962 306 2010 Namque
327 1961 415 1998 facit
434 1972 608 1996 somnum
629 1960 756 1995 clausa
777 1960 910 1996 lectica
931 1960 1092 1996 fenestra

131 2013 235 2052 Ante
255 2022 380 2050 tamen
402 2012 526 2049 veniet
544 2026 550 2048 :
581 2013 687 2048 nobis
707 2013 990 2061 properantibus
1010 2013 1132 2049 obstat

132 2067 242 2105 Unda
261 2067 358 2116 prior
376 2078 382 2101 :
414 2077 549 2112 magno
570 2065 725 2112 populus
745 2065 878 2113 premit
898 2065 1047 2113 agmine
1068 2066 1226 2113 lumbos,
1273 2111 1279 2113 ῃ

131 2120 211 2159 Qui
231 2119 406 2168 sequitur.
464 2117 566 2154 Ferit
591 2118 649 2153 hic
670 2118 808 2163 cubito,
831 2118 913 2153 ferit
934 2130 1056 2154 assere
1077 2119 1171 2155 duro

134 2173 263 2216 Alter;
294 2179 330 2207 at
347 2171 407 2208 hic
427 2171 572 2218 tignum
593 2170 705 2218 capiti
727 2170 872 2214 incutit,
895 2170 955 2206 ille
976 2179 1182 2208 metretam.

133 2224 296 2273 Pinguia
315 2236 424 2260 crura
443 2223 532 2268 luto,
552 2222 680 2270 planta
702 2235 787 2258 mox
809 2223 972 2270 undique
993 2224 1131 2271 magna

132 2277 280 2322 Calcor,
301 2283 338 2312 et
357 2276 394 2312 in
416 2276 533 2323 digito
552 2275 680 2310 clavus
701 2275 791 2310 mihi
823 2275 949 2311 militis
972 2276 1095 2312 lueret.

185 2328 323 2366 Nonne
343 2328 460 2373 vides,
480 2335 618 2375 quanto
639 2327 850 2363 celebretur
870 2328 1034 2376 sportula
1054 2329 1182 2365 sumo?

132 2381 297 2418 Centum
317 2380 481 2417 convivae
498 2392 504 2415 :
535 2380 700 2427 sequitur
720 2392 788 2415 sua
804 2392 988 2427 quemque
1011 2381 1147 2417 culina.

133 2433 296 2471 Corbulo
315 2434 374 2469 vix
395 2433 504 2468 ferret
524 2439 575 2468 tot
595 2445 681 2468 vasa
701 2432 880 2479 ingentia,
901 2440 953 2468 tot
973 2445 1032 2468 res

133 2485 331 2535 Impositas
351 2484 476 2534 capiti,
497 2497 588 2531 quas
609 2493 710 2520 recto
732 2485 867 2521 vertice
889 2493 1009 2533 portat

444 2537 468 2559 c)

445 2561 469 2573 Μ

1388 143 1436 180 13

1365 443 1438 480 195

1361 706 1439 742 200

1361 966 1439 1002 205

1362 1228 1440 1264 210

1363 1490 1439 1527 215

1360 1752 1440 1789 220

1360 2014 1438 2051 225

1359 2276 1437 2314 230
