1596 2779
159 113 212 149 20
575 112 615 142 n.
639 113 766 143 Juxn
791 112 1048 143 JL'VENALIS

160 204 255 241 Cras
274 205 375 241 bibet
397 205 554 241 Albanis
574 206 709 253 aliquid
731 207 776 241 de
801 207 1001 252 montibus,
1022 213 1085 242 aut
1103 205 1150 242 de

161 257 314 302 Setinis,
335 256 441 304 cujus
456 258 612 305 patriam
632 257 852 305 titulumque
873 266 1046 293 senectus

159 307 307 344 Delevit
327 308 444 344 multa
462 309 594 344 veteris
615 309 768 355 fuligine
789 317 890 345 testie
908 322 915 353 ς

157 359 282 398 Quale
304 361 468 396 coronati
490 360 658 396 Thrasea
680 360 948 408 Helvidiusque
969 360 1147 397 bibebant

158 410 357 447 Brutorum
377 422 413 447 et
433 411 541 447 Cassi
562 412 759 448 natalibus.
817 411 901 460 Ipse
930 425 1087 460 capaces

157 462 360 498 Heliadum
381 471 537 508 crustas,
557 472 594 500 et
614 464 815 511 inaequales
835 464 972 511 beryllo

157 514 267 551 Virro
286 522 388 551 tenet
407 515 549 563 phialas
567 528 574 550 t
604 515 669 551 tibi
691 528 765 552 non
786 516 1030 552 committitur
1051 527 1182 552 aurum
1199 528 1207 560 ;

158 566 241 612 Vel,
263 567 292 602 si
312 567 461 615 quando
480 568 601 612 datur,
623 575 748 604 custos
768 568 899 603 affixus
916 568 1067 614 ibidem,

156 617 236 657 Qui
257 626 428 654 numeret
447 631 626 666 gemmas,
648 632 866 668 unguesque
886 619 1053 656 observet
1083 628 1225 656 acutos

156 669 215 705 Da
233 670 402 706 veniam:
432 671 609 718 praeclara
629 671 707 707 illic
727 671 926 707 laudatur
919 671 1040 719 iaspis,

158 720 258 757 Nam
278 722 401 768 Virro,
422 730 461 758 ut
477 723 596 767 multi,
617 735 784 771 ‹remmas
804 724 847 758 ad
870 723 1004 771 pocula
1023 723 1197 759 transfert

156 774 192 809 A
215 774 353 822 digitis,
375 786 465 821 quas
486 774 522 809 in
545 775 687 823 vaginae
710 775 826 810 fronte
846 775 987 810 solebat

156 825 300 861 Ponere
323 826 491 875 zelotypo
507 826 570 874 juv
573 827 653 862 enis
673 827 847 875 praelatus
867 825 997 862 Iarbae.

156 876 219 913 Tu
241 878 496 913 Beneventani
517 878 651 914 sutoris
672 891 806 914 nomen
830 878 1029 914 habentem

157 929 326 965 Siceabis
345 929 502 965 calicem
523 942 697 966 nasorum
717 938 885 977 quatuor,
906 943 950 965 ac
974 931 1050 978 jam

154 981 399 1026 Quassatum,
415 989 452 1018 et
471 990 577 1030 rupto
597 990 811 1029 poscentem
833 982 971 1018 sulfura
990 982 1092 1019 vitro.

157 1033 197 1068 Si
218 1034 431 1069 stomachus
452 1034 592 1069 domini
615 1034 729 1070 fervet
749 1034 905 1082 vinoque
926 1034 1082 1082 ciboque
1103 1047 1111 1078 3

156 1084 342 1133 Frigidior
362 1085 506 1121 Geticis
526 1086 662 1134 petitur
682 1086 839 1122 decocta
859 1086 1014 1133 pruinis.

208 1137 294 1173 Non
315 1138 445 1173 eadem
468 1138 569 1173 vobis
589 1137 675 1186 poni
696 1136 806 1174 modo
828 1139 913 1174 vina
932 1138 1111 1185 querebar
1129 1150 1136 1174 :

155 1188 233 1225 Vos
255 1189 364 1225 aliam
386 1190 519 1237 potatis
540 1202 682 1238 aquam.
740 1190 829 1225 Tibi
850 1190 983 1238 pocula
1002 1203 1129 1226 cursor

155 1241 326 1277 Gaetulus
345 1242 447 1277 dabit
469 1250 531 1277 aut
549 1242 644 1290 nigri
666 1254 799 1277 manus
818 1255 924 1278 ossea
945 1241 1082 1287 Mauri,

155 1292 204 1329 Et
223 1294 283 1329 cui
304 1307 369 1342 per
389 1294 551 1329 mediam
573 1294 667 1330 nolis
686 1307 882 1330 occurrere
906 1302 1066 1339 noctem,

156 1345 314 1381 Clivosae
335 1346 479 1382 veheris
499 1347 588 1381 dum
609 1359 671 1394 per
692 1354 933 1382 monumenta
952 1346 1107 1383 Latinae.

156 1396 244 1434 Flos
266 1398 366 1433 Asia2
389 1406 474 1434 ante
495 1398 628 1446 ipsum,
649 1399 766 1446 pretio
787 1399 925 1446 majore
945 1407 1106 1447 paratus,

154 1448 285 1489 Quam
307 1450 375 1486 fuit
394 1458 431 1486 et
451 1450 556 1486 Tulli
576 1463 711 1486 census
731 1452 926 1499 pugnacis,
947 1458 984 1487 et
1004 1451 1118 1497 Anci,

155 1501 216 1547 Et,
238 1515 285 1538 ne
306 1510 341 1538 te
363 1510 524 1548 teneam,
546 1502 806 1538 Romanorum
827 1504 953 1539 omnia
972 1516 1103 1551 regum

156 1553 316 1591 Frivola.
372 1554 489 1593 Quod
509 1567 623 1602 quum
646 1555 695 1590 ita
715 1555 774 1599 sit,
795 1562 833 1590 tu
849 1555 1040 1590 Gaetulum
1056 1555 1317 1603 Ganymedem

156 1606 336 1654 Respice,
352 1619 466 1654 quum
489 1607 600 1643 sities.
657 1607 791 1642 Nescit
811 1614 863 1643 tot
883 1607 1046 1642 millibus
1066 1615 1213 1655 emptus

155 1658 388 1707 Pauperibus
408 1659 566 1694 miscere
586 1671 699 1706 puer:
729 1659 794 1694 sed
818 1659 946 1703 forma,
968 1659 1033 1694 sed
1055 1667 1144 1695 aetas

156 1709 283 1758 Digna
303 1711 513 1759 supercilio.
569 1711 736 1749 Quando
756 1710 801 1746 ad
823 1718 858 1746 te
879 1711 1045 1759 pervenit
1066 1711 1153 1747 ille?

154 1762 324 1802 Quando
343 1771 496 1799 vocatus
518 1763 621 1798 adest
643 1763 773 1798 calida}
794 1763 1001 1810 gelidaeque
1021 1760 1220 1800 minister?

154 1814 307 1863 Quippe
328 1814 543 1862 indignatur
564 1815 677 1850 veteri
697 1828 826 1863 parere
847 1815 988 1860 clienti,

154 1864 346 1914 Quodque
367 1867 504 1914 aliquid
526 1880 669 1915 poscas,
690 1875 726 1903 et
745 1865 844 1914 quod
866 1880 904 1903 se
924 1875 1045 1903 stante
1065 1867 1274 1904 recumbas.

155 1917 325 1954 Maxima
343 1931 499 1967 quaeque
521 1919 652 1954 domus
669 1921 784 1955 servis
803 1927 858 1955 est
879 1919 989 1968 plena
1009 1920 1188 1968 superbis.

208 1970 309 2007 Ecce
332 1971 426 2006 alius
445 1979 583 2019 quanto
603 1971 764 2019 porrexit
784 1984 972 2007 murmure
992 1984 1128 2020 panem

157 2023 229 2058 Vix
249 2023 420 2068 fractum,
441 2023 566 2059 solidae
583 2022 659 2070 jam
681 2024 831 2059 mucida
852 2023 965 2059 frusta
986 2024 1126 2069 farinae‚

153 2074 254 2113 Qum
274 2075 482 2123 genuinum
505 2075 658 2122 agitent,
680 2087 753 2110 non
775 2075 1009 2111 admittentia
1029 2074 1216 2111 morsum!

156 2127 231 2162 Sed
252 2135 370 2171 tener,
391 2135 427 2162 et
447 2127 589 2172 niveus,
610 2127 784 2174 mollique
804 2127 951 2175 siligine
973 2128 1092 2163 factus

156 2178 331 2214 Servatur
352 2179 503 2215 domino
521 2191 528 2213 :
559 2178 727 2214 dextram
747 2179 922 2215 cohibere
942 2189 1142 2216 memento.

156 2230 269 2266 Salva
288 2231 334 2266 sit
345 2231 511 2280 artocopi
527 2231 743 2266 reverentia.
802 2231 922 2279 Finge
943 2239 1068 2267 tamen
1089 2240 1125 2268 te

155 2281 436 2331 Improbulum3
466 2290 633 2330 superest
654 2282 742 2328 illic,
762 2283 824 2330 qui
844 2296 981 2341 ponere
1001 2291 1122 2332 cogat.

156 2334 222 2371 Vis
242 2341 281 2370 tu
301 2334 491 2371 consuetis
513 2334 634 2370 audax
654 2335 810 2370 conviva
829 2335 1002 2371 canistris

155 2385 322 2434 Impleri,
342 2387 522 2434 panisque
542 2386 594 2422 tui
615 2387 761 2422 novisse
781 2386 943 2423 colorem
959 2387 973 2422 'l

155 2438 311 2474 Scilicet
331 2439 402 2474 hoc
423 2438 554 2484 fuerat,
575 2446 722 2487 propter
742 2439 853 2486 quod,
874 2438 973 2488 szepe
995 2439 1124 2477 relicta

1411 310 1462 347 35

1410 569 1461 605 40

1409 825 1460 862 45

1409 1086 1461 1123 50

1407 1607 1459 1644 60

1406 2390 1458 2426 75
