1596 2779
182 146 236 188 96
633 147 668 181 A.
698 146 844 182 PERSM
870 148 1030 183 FLACCI

184 241 372 281 Intendit:
397 245 475 293 jam
495 250 630 281 cresclt
649 257 749 292 ager,
765 243 841 293 jam
859 246 994 282 erescit
1012 246 1120 291 ovile,

183 295 269 344 Jam
288 296 448 342 dabitur,
464 296 540 344 jam
557 296 657 344 jam:
687 297 809 332 donec
829 297 1008 345 deceptus
1028 304 1064 333 et
1083 309 1216 346 exspes

183 345 446 395 Nequidquam
467 347 583 384 fundo
602 347 760 396 suspirat
780 360 955 384 nummus
975 349 1012 384 in
1034 349 1117 386 imo.

236 399 276 435 Si
296 399 361 435 tibi
381 407 543 435 crateras
562 399 705 447 argenti
727 399 932 447 incusaque
952 400 1083 449 pingui

184 451 289 487 Auro
308 451 406 487 dona
427 451 553 499 seram,
575 452 700 495 sudes,
721 459 758 487 et
773 459 921 499 pectore
941 452 1033 488 laevo

183 497 360 538 Excutiat
379 508 502 551 guttas
521 503 636 538 laetari
656 503 918 551 praetrepidum
940 513 1014 540 cor¹

183 552 286 589 Hinc
306 553 395 590 illud
418 554 541 600 subiit,
562 566 651 590 auro
670 566 795 590 sacras
814 554 909 602 quod
931 564 1038 592 ovato

182 605 362 652 Perducis
385 606 518 642 facies:
549 619 649 652 nam,
671 606 802 642 fratres
822 606 918 642 inter
938 609 1066 652 aenOS,

183 656 340 693 Somnia
359 657 490 706 pituita
510 657 571 705 qui
592 657 853 706 purgatissima
874 658 1038 703 mittunt,

182 707 364 757 Praecipui
385 717 507 755 sunto,
537 710 655 757 sitque
675 709 748 745 illis
767 722 879 745 aurea
899 710 1022 746 barba.

234 760 381 796 Aurum
401 774 488 796 vasa
507 760 644 796 Numae
667 761 915 808 Saturniaque
936 760 1082 810 impulit
1102 772 1187 807 aera,

181 811 425 861 Vestalesque
441 821 555 848 urnas
573 819 609 848 et
629 808 801 848 Tuscum
822 812 934 848 fictile
955 820 1082 850 mutat.

181 863 217 899 O
237 876 359 900 curvae
380 864 417 901 in
438 873 554 901 terras
578 864 725 909 animae,
746 871 781 900 et
802 864 1009 900 coelestium
1032 862 1187 902 inanes!

179 915 285 954 Quid
306 916 409 965 juvat
430 917 514 963 hoc,
534 916 681 964 templis
701 924 845 952 nostros
865 916 1064 953 immittere
1085 928 1221 962 moreS,

181 967 230 1003 Et
250 968 347 1004 bona
363 968 421 1005 dis
441 981 487 1005 ex
508 969 580 1004 hac
600 967 781 1004 scelerata
802 967 940 1004 ducere
959 968 1102 1017 pulpa?

182 1019 279 1069 Hoec
299 1020 369 1056 sibi
389 1027 563 1068 corrupto
582 1020 720 1055 casiam
737 1019 902 1056 dissolvit
921 1020 1037 1056 olivo:

181 1070 229 1108 Et
249 1068 452 1108 Calabrum
468 1072 567 1108 coxit
583 1072 708 1107 vitiato
729 1072 870 1107 murice
890 1071 1019 1107 vellus.

181 1123 278 1159 Haec
300 1124 453 1160 baccam
473 1124 629 1160 conchae
648 1123 795 1168 rasisse,
816 1131 852 1159 et
871 1123 1051 1171 stringere
1071 1135 1184 1159 venas

181 1174 375 1212 Ferventis
395 1188 526 1212 massae
547 1175 663 1211 crudo
679 1175 724 1211 de
744 1175 894 1223 pulvere
906 1175 1023 1224 jussit

180 1227 319 1263 Peccat
337 1236 375 1263 et
397 1228 488 1273 baec,
509 1235 664 1276 peccat:
693 1227 781 1263 vitio
801 1234 925 1263 tamen
947 1227 1086 1263 utitur:
1116 1234 1153 1263 at
1173 1239 1236 1263 vos

180 1278 318 1325 Dicite,
339 1280 546 1328 pontifices,
568 1280 606 1315 in
626 1292 731 1315 sacro
746 1279 834 1326 quid
856 1279 944 1315 facit
965 1280 1125 1315 aurum?

180 1330 329 1380 Nempe
352 1333 420 1368 hoc
435 1332 531 1380 quod
554 1331 694 1367 Veneri
715 1331 860 1366 donatae
882 1343 903 1366 a
922 1330 1065 1379 virgine
1084 1343 1228 1379 puppae.

178 1383 286 1421 Quin
307 1383 439 1419 damus
460 1384 494 1419 id
517 1383 682 1431 Superis,
704 1383 750 1418 de
770 1384 906 1431 magna
927 1383 1023 1430 quod
1045 1383 1132 1419 dare
1148 1383 1256 1419 lance

180 1434 267 1471 Non
288 1436 402 1483 possit
422 1435 546 1484 magni
568 1435 742 1471 Messalae
762 1434 861 1484 lippa
880 1447 1057 1483 propago,

180 1487 437 1536 Compositum
450 1488 511 1536 jus
532 1487 658 1534 sasque
679 1487 816 1531 animo,
837 1494 1060 1534 sanctosque
1080 1498 1249 1522 recessus

181 1538 336 1586 Mentis,
355 1546 394 1575 et
413 1539 602 1575 incoctum
623 1551 805 1587 generoso
823 1546 954 1586 pectus
975 1539 1140 1574 honesto.

181 1590 277 1631 Haec
296 1591 390 1628 cedo
411 1599 450 1628 ut
470 1591 687 1628 admoveam
707 1590 868 1640 templiS‚
888 1597 924 1626 et
944 1590 1038 1628 farre
1058 1590 1182 1627 litabo.

676 1854 883 1892 SATIRA
912 1854 985 1891 III.

233 1961 380 1998 Nffim:
401 1961 472 1998 hoc
491 1958 668 1996 assidue?
693 1960 769 2008 jam
790 1959 930 1995 clarum
952 1970 1062 1995 mane
1081 1958 1261 1994 fenestras

181 2014 313 2059 Intrat,
333 2021 370 2049 et
389 2020 566 2061 angustas
586 2012 754 2048 extendit
773 2010 913 2047 lumine
934 2011 1056 2046 rimas.

183 2066 394 2110 stertimus,
416 2064 636 2100 indomitum
658 2063 754 2111 quod
777 2063 997 2111 despumare
1018 2061 1220 2097 Falernum

183 2118 364 2162 Sufficiat,
384 2116 513 2164 quinta
533 2116 622 2151 dum
641 2115 740 2151 linea
760 2114 924 2162 tangitur
944 2114 1087 2149 umbra.

182 2170 241 2206 En
261 2170 348 2217 quid
369 2169 474 2217 agis?
504 2168 623 2203 siccas
643 2168 772 2203 insana
793 2166 976 2203 Canicula
996 2178 1136 2201 messes

182 2221 267 2258 Jam
288 2221 429 2256 dudum
449 2220 586 2267 coquit,
607 2226 644 2255 et
662 2219 789 2267 patula
807 2230 923 2266 pecus
941 2230 1052 2254 omne
1072 2216 1142 2252 sub
1160 2215 1261 2252 ulmo
1279 2223 1354 2252 est:

182 2273 290 2310 Unus
309 2273 359 2309 ait
378 2271 567 2308 comitum.
625 2275 633 2289 ‘
648 2271 867 2307 Verumne'!
895 2270 995 2306 itane
1011 2269 1026 2305 [¹
1053 2267 1159 2305 ocius
1179 2268 1274 2304 adsit

184 2326 272 2362 Huc
293 2324 446 2372 aliquis!
477 2323 626 2360 nemon'
640 2323 665 2358 2'
696 2321 899 2370 Turgescit
919 2321 1031 2357 vitrea
1051 2320 1149 2365 bilis,

184 2377 359 2414 Finditur
377 2390 384 2412 :
415 2375 588 2412 Arcadiae
608 2374 783 2422 pecuaria
806 2374 939 2410 rudere
961 2373 1102 2409 credas.

236 2428 322 2464 Jam
343 2428 448 2473 liber,
467 2435 504 2463 et
524 2427 662 2463 bicolor
682 2426 809 2475 positis
831 2425 1045 2462 membrana
1066 2423 1224 2473 capillis,

185 2480 305 2528 Inque
325 2491 457 2515 manus
477 2480 614 2516 chartae
636 2479 850 2525 nodosaque
871 2477 970 2513 venit
989 2476 1143 2512 arundo.

185 2531 300 2571 Tunc
319 2532 497 2581 queritur,
518 2542 664 2567 crassus
684 2530 826 2565 calamo
846 2528 944 2578 quod
965 2529 1125 2578 pendeat
1145 2527 1300 2570 humor;

1430 294 1483 335 50

1431 1589 1483 1625 75

1436 2421 1485 2457 10
