1596 2779
165 147 191 183 2
583 147 624 177 D.
648 147 775 177 JUNII
799 146 1057 177 JUVENALIS

164 238 255 280 Quo
275 240 453 277 tondente
473 241 592 288 gravis
608 240 736 289 juveni
757 241 847 277 milii
867 241 980 277 barba
996 240 1174 285 sonabat;

163 291 298 330 Quum
319 305 403 340 pars
424 291 582 328 Niliacae
603 292 733 340 plebis,
753 305 866 340 quum
888 305 1001 328 verna
1021 290 1166 341 Cano1i

165 342 375 392 Crispinus,
396 343 532 391 Tyrias
553 345 706 381 humero
726 353 923 380 revocante
943 344 1125 389 lacernas,

165 395 332 432 Ventilet
353 396 519 431 aestivum
541 396 667 444 digitis
685 397 907 432 sudantibus
926 399 1072 442 aurum,

164 447 250 484 Nec
270 448 424 483 sufferre
444 456 556 495 queat
578 448 726 496 majoris
745 449 912 496 pondera
930 460 1108 496 gemmae:

168 499 328 535 Difficile
349 508 405 535 est
425 500 584 535 Satiram
608 513 681 536 non
703 501 876 536 scribere.
934 499 1032 535 Nam
1053 500 1135 548 quis
1154 499 1290 547 iniquae

163 551 263 587 Tam
284 552 430 599 patiens
450 552 563 597 urbis,
585 560 659 588 tam
682 552 834 597 ferreus,
855 560 895 588 ut
914 560 1039 588 teneat
1057 564 1109 596 se,

164 602 359 640 Causidici
380 616 475 639 nova
495 616 608 651 quum
630 603 752 640 veniat
772 603 906 640 lectica
926 603 1117 640 Mathonis

164 655 281 691 Plena
294 655 411 704 ipso?
442 664 523 704 post
546 656 646 691 bunc
667 656 794 704 magni
815 656 957 692 delator
976 655 1101 700 amici,

163 707 213 744 Et
232 706 308 743 cito
329 715 501 755 rapturus
521 708 567 743 de
589 708 781 743 nobilitate
802 708 965 752 comesa,

161 758 279 798 Quod
300 767 480 808 superest,
501 772 609 807 quem
633 758 758 795 Massa
777 760 895 804 timet,
915 772 1025 807 quem
1046 771 1201 795 munere
1221 758 1344 807 palpat

165 809 300 856 Carus,
321 820 357 847 et
379 824 399 847 a
418 812 563 859 trepido
583 811 768 873 Thymele
788 812 972 847 submissa
992 811 1126 847 Latino
1138 812 1206 846 2—

215 862 323 902 Quid
345 863 516 908 referam,
538 864 676 911 quanta
698 864 840 899 siccum
858 863 964 912 jecur
985 864 1111 899 ardeat
1132 863 1199 908 ira,

163 914 295 954 Quum
316 916 491 964 populum
512 915 688 963 gregibus
707 915 885 951 comitum
907 916 1039 963 premit
1060 915 1119 951 hic
1139 914 1312 963 spoliator

164 966 299 1015 Pupilli
320 967 545 1016 prostantis?
573 976 610 1003 et
631 967 691 1003 hio
712 967 936 1003 damnatus
928 967 1030 1003 inani

164 1018 316 1056 Judicio
339 1019 444 1067 (quid
465 1020 565 1055 enim
586 1020 694 1055 salvi
716 1019 867 1055 ins-unia
887 1019 1050 1055 nummis
1066 1019 1098 1069 ’7)

165 1070 281 1107 Exsul
303 1071 349 1107 ab
367 1072 497 1107 octava
520 1071 663 1107 Marius
684 1072 787 1116 bibit,
808 1079 844 1107 et
864 1071 995 1107 fruitur
1016 1071 1074 1108 dis

165 1122 296 1167 Iratis;
327 1131 364 1159 at
383 1132 436 1169 tn,
457 1123 586 1159 victrix
605 1123 809 1171 provincia,
831 1123 978 1171 ploras?

218 1175 314 1211 Haec
334 1189 404 1224 ego
425 1189 498 1212 non
520 1177 670 1211 credam
693 1175 888 1211 Venusina
909 1175 1022 1223 digna
1042 1174 1223 1210 lucerna?

165 1227 261 1263 Haec
281 1241 351 1276 ego
371 1241 445 1264 non
467 1228 602 1276 agitem
616 1228 630 1263 ’Τ
662 1228 734 1263 sed
757 1227 842 1274 quid
866 1225 985 1275 magis
1006 1227 1222 1271 Heracleas,

165 1280 246 1316 Aut
265 1279 505 1324 Diomedeas,
526 1288 588 1315 aut
609 1280 790 1327 mugitum
812 1279 1046 1327 Labyrinthi,

164 1331 214 1368 Et
234 1345 335 1368 mare
355 1344 573 1380 percussum
594 1345 721 1380 puero,
743 1331 961 1379 fabrumque
982 1331 1193 1366 volantem?

162 1383 296 1424 Quum
313 1384 398 1420 leno
418 1384 577 1432 accipiat
598 1384 733 1420 moechi
756 1384 864 1427 bona,
885 1383 915 1418 si
936 1383 1110 1430 capiendi

164 1435 235 1472 Jus
255 1436 398 1472 nullum
419 1437 536 1480 uxori,
557 1437 690 1472 doctus
711 1443 878 1483 spectare
898 1435 1064 1480 lacunar,

165 1488 309 1525 Doctus
329 1497 364 1524 et
384 1489 429 1524 ad
451 1489 606 1524 calicem
628 1488 793 1536 vigilanti
813 1495 966 1523 stertere
987 1499 1098 1530 ηιμ-ος

162 1538 297 1580 Quum
314 1540 366 1576 fas
387 1553 468 1576 esse
489 1548 593 1588 putet
612 1552 739 1575 curam
761 1552 908 1587 sperare
928 1539 1090 1575 cohortis

162 1591 243 1632 Qui
265 1592 361 1629 bona
378 1593 527 1628 donavit
545 1592 788 1640 praesepibus,
808 1600 845 1627 et
864 1599 966 1627 caret
985 1590 1089 1626 omni

165 1643 354 1693 Majorum
375 1657 505 1689 censu,
526 1644 613 1679 ‹lurn
634 1644 797 1692 pervolat
818 1656 886 1679 axe
906 1643 1019 1679 citato

165 1696 415 1739 Flamininum
446 1696 554 1744 (puer
572 1696 810 1731 Automedon
829 1708 913 1731 nam
935 1695 1012 1731 lora
1031 1693 1195 1738 tenebat,

164 1748 251 1797 Ipse
271 1749 469 1784 lacernatae
489 1761 601 1795 quum
622 1760 661 1783 se
678 1748 835 1796 jactaret
855 1747 1004 1795 amicte)

164 1800 304 1837 Nonne
324 1800 414 1836 libet
434 1800 557 1837 medio
577 1812 681 1835 ceras
702 1799 854 1847 implere
873 1811 1032 1847 capaces

163 1851 400 1892 QuadriviO?
429 1864 541 1900 quum
559 1852 634 1900 jam
655 1852 760 1888 sexta
782 1851 927 1888 cervice
949 1851 1084 1886 feratur

165 1904 270 1940 Hinc
290 1912 400 1951 atque
424 1904 512 1940 inde
532 1912 675 1952 patens,
696 1916 740 1939 ac
763 1903 864 1938 nuda
883 1901 992 1951 paene
1013 1900 1206 1946 cathedra,

165 1956 215 1993 Et
234 1955 392 1992 multam
414 1956 580 1992 referens
600 1957 646 1991 de
668 1955 878 1991 Mmcenate
898 1955 1032 2002 supino

165 2008 354 2056 Signator,
377 2008 468 2044 salso
496 2008 559 2055 qui
579 2020 618 2043 se
639 2007 794 2051 lautum,
815 2015 924 2055 atque
946 2007 1095 2042 beatum

166 2060 324 2108 Exiguis
344 2060 491 2104 tabulis,
511 2067 547 2095 et
567 2059 717 2107 gemma
738 2059 876 2094 fecerat
896 2058 997 2094 uda?

165 2111 344 2149 Occurrit
364 2120 532 2147 matrona
550 2120 698 2168 potens,
715 2123 810 2158 qum,
833 2110 943 2147 molle
963 2110 1149 2146 Calenum

168 2163 403 2209 Porrectura,
425 2163 500 2198 xiro
520 2163 651 2198 miscet
671 2163 819 2198 sitiente
839 2162 1022 2206 rubetam,

167 2215 334 2251 Instituit
326 2228 407 2263 que
429 2216 539 2251 rudes
559 2215 687 2250 melior
709 2215 869 2250 Locusta
889 2214 1113 2262 propinquas

168 2267 240 2305 Per
261 2267 396 2302 samam
417 2275 454 2303 et
473 2266 648 2315 populum
669 2267 795 2313 nistros
814 2266 944 2302 efferre
965 2266 1127 2301 maritos.

222 2319 334 2354 Aude
355 2319 493 2366 aliquid
516 2318 689 2354 brevibus
710 2318 844 2366 GJaris
863 2326 899 2354 et
919 2330 1072 2354 carcere
1094 2317 1265 2365 dignum,

167 2370 210 2406 Si
231 2371 285 2406 vis
304 2383 385 2406 esse
406 2371 559 2418 aliquis:
588 2371 750 2418 probitas
770 2370 941 2406 laudatur
962 2377 998 2405 et
1018 2369 1127 2417 alget.

168 2418 402 2459 Criminibus
422 2423 559 2459 debent
580 2423 715 2466 hortm,
737 2423 918 2470 praetoria‚
940 2434 1101 2466 mensas,

171 2474 381 2523 Argentum
403 2483 520 2520 vctuS‚
539 2482 576 2510 et
595 2482 753 2510 stantem
775 2481 877 2509 extra
896 2473 1030 2522 pocula
1051 2484 1216 2522 caprum.

1424 498 1475 535 30

1424 758 1475 795 35

1424 1017 1475 1053 40

1423 1275 1475 1313 45

1424 1535 1476 1572 50

1425 2052 1478 2091 60
