1596 2779
185 166 237 202 (50
601 165 641 194 D.
665 164 791 195 JUMI
816 163 1074 195 JUVENALis

185 258 361 306 Corporis
381 258 523 307 egregii
545 259 699 293 miseros
718 258 955 306 trepidosque
975 265 1150 306 parentes

186 311 342 358 Semper
363 310 483 346 habet.
541 310 644 345 Rara
664 317 719 346 est
741 308 834 345 adeo
855 309 1055 345 concordia
1077 310 1201 344 formae

186 362 311 408 Atque
331 362 531 409 pudicitiae.
590 361 748 397 sanctos
769 360 857 397 lieet
879 361 1027 396 horrida
1046 373 1167 395 mores

185 412 400 448 Tradiderit
420 413 564 458 domus,
585 425 628 448 ao
648 420 789 448 veteres
808 413 950 448 imitata
970 412 1142 456 Sabinos,

186 464 370 500 Praeterea
390 471 532 500 eastum
554 464 746 511 ingenium
767 464 981 511 vultumque
1001 464 1168 499 modesto

186 516 380 563 Sanguine
404 516 605 551 ferventem
625 516 762 551 tribuat
782 523 913 551 natura
936 515 1098 563 benigna

188 567 308 615 Larga
329 580 439 603 manu
457 580 465 611 ;
498 567 602 615 (quid
624 567 724 603 enim
745 580 860 615 puero
881 567 1048 602 conferre
1068 573 1189 614 potest
1207 566 1290 614 plus

185 619 351 654 Custode
365 627 402 655 et
422 620 512 655 curzi
534 627 665 655 natura
685 619 868 667 potentior
887 618 988 654 omni
1002 619 1034 667 T)

186 670 274 706 Non
295 671 381 707 licet
400 684 480 707 esse
503 670 588 706 viris
606 683 612 705 :
643 683 728 706 nam
749 671 903 718 prodiga
923 670 1147 718 corruptoris

186 721 407 770 Improbitas
428 724 525 771 ipsos
546 723 657 758 audet
676 731 818 758 tentare
838 730 1075 770 parentes—

186 774 260 809 Sed
282 783 384 810 casto
405 775 492 822 quid
514 774 629 810 forma
651 775 788 809 nocet?
817 774 904 821 quid
926 773 1061 821 profuit
1082 774 1195 809 immo

188 825 388 873 Hippolyto
408 839 518 874 grave
538 826 766 874 propositum
784 826 798 861 T
829 825 916 872 quid
940 824 1246 873 Bellerophonti?

186 877 345 913 Erubuit
366 891 499 926 nempe
520 878 612 923 haec,
633 889 702 912 ceu
726 877 896 921 fastidita,
915 876 1072 924 repulsa.

184 929 269 965 Nee
290 930 517 966 Stheneboea
537 929 673 973 minus,
693 928 804 976 quani
826 928 974 973 Cressa,
995 928 1208 974 excanduit,
1229 936 1266 965 et
1285 941 1325 965 se

185 981 422 1017 Concussere
442 982 570 1017 ambae.
629 981 765 1017 Mulier
787 981 988 1016 sauvissima
1007 988 1097 1015 tunc
1117 988 1185 1025 est,

183 1034 315 1071 Quum
337 1033 504 1069 stimulos
518 1034 604 1069 odio
622 1033 740 1082 pudor
761 1033 942 1068 admovet.
1000 1031 1108 1079 Elige
1127 1033 1306 1079 quidnam

186 1085 430 1121 Suadendum
451 1098 532 1120 esse
552 1093 671 1133 puteS,
692 1085 753 1120 cui
774 1085 914 1120 nubere
935 1084 1093 1119 Caesaris
1114 1096 1204 1119 uxor

185 1136 384 1173 Destinat?
438 1136 615 1184 Optimus
636 1137 695 1172 hic
715 1144 751 1172 et
774 1136 1059 1172 formosissimus
1079 1136 1177 1171 idem

184 1189 319 1225 Gentis
338 1189 504 1237 patriciae
526 1189 664 1237 rapitur
685 1189 798 1224 miser
819 1188 1115 1236 exstinguendus

186 1239 398 1277 Messalinae
419 1241 557 1277 oeulis:
589 1241 730 1277 dudum
751 1241 855 1276 sedet
876 1240 936 1276 illa
956 1249 1083 1287 parato

185 1292 429 1335 FlumineolQ
451 1292 662 1340 Tyriusque
682 1294 804 1341 palum
824 1292 982 1339 genialis
1002 1292 1038 1327 in
1061 1291 1178 1327 hortis

185 1345 386 1391 Sternitur,
407 1352 444 1380 et
466 1357 537 1381 ritu
558 1346 684 1381 decies
704 1353 865 1380 centena
884 1345 1071 1379 dabuntur

185 1397 353 1445 Antiquo
371 1411 378 1436 :
410 1397 531 1433 veniet
552 1409 637 1432 cum
656 1396 905 1444 signatoribus
921 1408 1070 1444 auspex.

186 1449 280 1484 Haeo
300 1458 339 1485 tu
359 1457 502 1485 secreta
523 1456 560 1485 et
578 1449 708 1497 paucis
728 1449 926 1484 commissa
947 1448 1128 1496 putabas?

186 1500 287 1546 Non,
310 1501 380 1537 nisi
401 1499 582 1549 legitime,
604 1501 678 1536 vult
698 1501 849 1536 nubere.
904 1500 1010 1538 Quid
1031 1499 1191 1547 placeat,
1209 1500 1295 1535 dic:

184 1551 236 1588 Ni
258 1566 387 1601 parere
408 1553 511 1598 velis,
530 1553 762 1601 pereundum
785 1553 854 1588 erit
874 1559 958 1587 ante
980 1552 1149 1587 lucernas
1168 1564 1177 1586 :

185 1605 225 1640 Si
246 1605 368 1641 scelus
388 1606 573 1649 admittas,
595 1604 741 1640 dabitur
762 1617 863 1640 mora
884 1603 1048 1652 parvula,
1069 1604 1156 1638 dum
1179 1615 1238 1639 res

186 1655 285 1692 Nota
307 1657 396 1692 Urbi
412 1665 448 1693 et
467 1656 602 1705 populo
623 1657 814 1701 contingat
835 1656 1018 1703 Principis
1039 1668 1158 1691 aures.

184 1708 361 1744 Dedecus
381 1709 442 1745 ille
463 1709 595 1745 domus
615 1708 708 1744 sciet
728 1708 900 1743 ultimus:
931 1708 1071 1743 interea
1083 1715 1123 1743 tu

183 1761 404 1808 Obsequere
427 1760 594 1809 imperio,
615 1760 660 1795 sit
682 1760 773 1795 tanti
795 1761 865 1795 vita
888 1760 1031 1795 dierum

186 1812 408 1848 Paucorum.
464 1812 661 1859 Quidquid
682 1812 816 1847 melius
835 1812 1026 1858 leviusque
1046 1811 1200 1859 ρυῐέιτίε,

184 1863 392 1900 Prrebendu
412 1872 468 1901 est
487 1864 610 1911 gladio
630 1864 784 1911 pulchra
805 1864 885 1899 haec
905 1870 941 1898 et
961 1863 1122 1898 candida
1142 1862 1278 1898 cervix.

237 1915 300 1951 Nil
321 1915 412 1964 ergo
431 1916 612 1965 optabunt
635 1916 832 1951 homines?
890 1915 929 1950 Si
949 1914 1147 1950 consilium
1168 1914 1235 1960 vis,

184 1967 380 2004 Permittes
402 1969 489 2018 ipsis
505 1968 716 2015 expendere
736 1966 967 2011 numinibus,
982 1966 1070 2013 quid

183 2019 393 2056 Conveniat
414 2021 532 2064 nobis,
554 2019 737 2066 rebusque
757 2019 804 2055 sit
824 2019 914 2054 utile
934 2019 1078 2056 nostris

183 2070 282 2107 Nam
303 2085 369 2120 pro
385 2070 562 2120 jucundis
579 2071 766 2118 aptissima
786 2083 941 2118 quaeque
961 2070 1103 2105 dabunt
1123 2068 1161 2105 di

183 2125 315 2161 Carior
335 2132 391 2160 est
411 2124 481 2160 illis
502 2124 623 2167 homo,
644 2121 754 2170 quiin]
776 2123 856 2158 sibi.
914 2122 996 2159 Nos
1017 2121 1224 2157 animorum

184 2176 365 2225 Impulsu‚
386 2183 423 2212 et
443 2175 545 2210 eaeezi
565 2176 776 2223 magnaque
796 2174 972 2222 cupidine
993 2173 1095 2209 ducti

183 2229 412 2276 Conjugium
432 2228 605 2275 petimus,
627 2235 846 2274 partumque
868 2226 991 2262 uxoris
1009 2237 1015 2260 :
1045 2233 1081 2261 at
1102 2224 1173 2261 illis

183 2280 341 2325 Notum,
361 2280 422 2327 qui
444 2279 561 2327 pueri,
582 2279 772 2326 qualisque
794 2279 913 2314 futura
934 2278 981 2313 sit
1001 2290 1102 2312 uxor.

186 2332 232 2368 Ut
252 2340 375 2367 tamen
397 2339 434 2367 et
453 2343 583 2378 poscas
604 2330 754 2377 aliquid,
776 2342 980 2377 voveasque
1001 2328 1147 2364 sacellis

183 2384 293 2428 Exta,
314 2391 349 2419 et
369 2382 562 2419 candiduli
584 2382 709 2417 divina
731 2382 917 2418 tomacula
938 2381 1063 2429 ραι-(εὶς

183 2434 380 2471 Oranduni
403 2442 469 2479 est,
487 2442 525 2470 ut
545 2434 592 2470 sit
610 2446 716 2469 mens
734 2447 825 2469 sana
845 2434 880 2469 in
899 2446 1052 2481 corpore
1074 2445 1173 2468 sano.

184 2487 334 2524 Fortem
355 2500 467 2535 posce
488 2486 667 2531 animum,
689 2487 816 2521 mortis
837 2494 975 2522 terrore
996 2492 1199 2529 carentem,

1413 256 1492 294 290

1413 515 1491 551 295

1415 773 1492 809 300

1414 1292 1492 1328 310

1413 1551 1492 1586 315

1413 1809 1491 1845 3220

1412 2069 1490 2105 325

1410 2327 1489 2364 330
