1596 2779
171 137 224 174 22
587 133 628 164 D.
655 134 783 165 JUNn
807 131 1066 164 JUVENALIS

175 230 384 266 Saltantem
405 236 563 277 specteS,
584 236 621 265 et
640 228 925 265 chironomonta
945 227 1082 264 volanti

175 282 352 327 cultello,
373 283 494 317 donec
505 289 666 339 peragat
686 281 825 317 dictata
845 279 1012 327 magistri

175 334 341 370 Omnia:
371 346 442 370 nec
463 333 618 368 minimo
638 331 730 369 sane
751 332 970 368 discrimine
990 330 1116 378 refert,

174 385 266 424 Quo
286 393 393 435 gestu
414 385 570 433 leporeS‚
591 393 627 421 et
646 397 719 432 quo
737 384 879 432 gallina
898 391 1055 420 secetur.

176 437 337 475 Duceris
356 437 496 486 planta,
516 437 616 473 velut
642 437 739 472 ictus
759 436 805 472 ab
826 435 993 472 Hercule
1013 436 1153 482 Cacus,

176 489 224 527 Et
244 502 384 538 ponere
405 487 506 534 foris,
523 489 553 524 si
572 489 661 536 quid
681 488 882 524 tentaveris
903 500 1065 535 unquam

178 542 351 587 Hiscere,
372 549 549 598 tanquam
570 541 709 577 habeas
729 541 798 576 tria
818 539 982 575 nomina.
1037 538 1207 578 Quando
1226 537 1399 588 propinat

177 594 287 630 Virro
307 594 386 639 tibi,
408 593 593 640 sumitque
612 593 686 629 tuis
705 600 879 628 contacta
899 591 1042 627 labellis

177 646 347 682 Pocula?
376 646 458 693 quis
479 645 641 681 vestrum
661 644 881 681 temerarius
901 656 1018 691 usque
1039 640 1148 688 adeo,
1168 643 1251 690 quis

177 698 363 743 Perditus‚
385 704 424 733 ut
444 697 545 733 dicat
564 698 656 746 regi,
678 697 798 733 Bibe?
855 696 1020 732 Plurima
1040 702 1139 741 sunt,
1159 707 1241 743 quae

177 749 266 786 Non
287 751 429 786 audent
449 750 619 786 homines
637 749 789 807 pertusa
811 748 937 784 dicere
958 747 1066 783 laena.

229 801 524 850 Quadringenta
543 801 610 838 tibi
631 801 661 837 si
687 800 770 848 quis
791 801 896 845 deus,
917 807 980 835 aut
1000 798 1131 835 similis
1152 797 1223 844 dis,

178 854 227 890 Et
247 855 377 890 melior
398 854 481 890 fatis
502 854 680 897 donaret3
714 852 929 898 homuncio,
949 859 1110 909 quantus

177 906 237 942 Ex
257 907 374 942 nihilo
394 907 515 951 fieres,
531 914 691 954 quantus
711 904 882 941 Virronis
898 904 1042 940 amicus
1059 904 1066 939 ἔ

178 959 239 995 Da
258 959 400 995 Trebio
419 971 425 993 :
456 972 551 1006 pone
572 959 617 994 ad
638 956 844 993 Trebium!
901 956 983 1001 Vis,
1004 956 1128 1000 frater,
1149 955 1195 991 ab
1215 954 1305 1003 ipsis

178 1011 323 1047 Ilibus?
378 1010 414 1045 O
435 1010 592 1055 nummi,
613 1009 716 1046 vobis
737 1010 838 1045 hunc
858 1016 1008 1057 praestat
1029 1008 1224 1052 honorem,

177 1063 256 1100 Vos
276 1063 364 1099 estis
384 1063 526 1098 fratres.
583 1061 769 1097 Dominus
788 1069 913 1097 tamen
933 1068 970 1096 et
989 1060 1131 1096 domini
1150 1072 1214 1095 rex

179 1116 220 1152 Si
241 1115 295 1151 vis
314 1123 353 1152 tu
373 1115 466 1160 fieri,
487 1113 612 1150 nullus
633 1113 699 1149 tibi
718 1112 893 1161 parvulus
913 1112 999 1148 aula

178 1167 328 1204 Luserit
348 1167 503 1211 AEneas‚
524 1179 596 1202 nec
615 1166 691 1201 filia
712 1165 856 1201 dulcior
876 1164 951 1201 illo.

178 1219 400 1256 Jucundum
419 1225 456 1254 et
475 1231 604 1254 carum
626 1217 759 1253 sterilis
780 1216 870 1253 facit
889 1230 980 1253 uxor
1000 1216 1174 1252 amicum.

181 1273 257 1308 Sed
278 1280 341 1308 tua
360 1283 462 1307 nunc
484 1270 634 1318 Mycale
654 1270 774 1318 pariat
794 1269 894 1315 licet,
914 1276 951 1305 et
970 1281 1104 1317 pueros
1124 1276 1199 1304 tres

178 1324 225 1360 In
244 1323 429 1373 gremium
449 1322 564 1371 patris
585 1322 716 1358 fundat
736 1321 846 1357 simul
865 1334 871 1356 :
902 1321 980 1369 ipse
1000 1320 1147 1368 loquaci

178 1376 368 1413 Gaudebit
388 1375 497 1420 nido;
528 1375 683 1411 viridem
704 1375 857 1410 thoraca
873 1373 1018 1422 jubebit

179 1428 331 1474 Afferri,
352 1427 600 1475 minimasque
621 1439 751 1472 nuces,
773 1438 969 1473 assemque
989 1432 1174 1473 rogatum,

179 1481 241 1517 Ad
263 1492 429 1516 mensam
450 1480 593 1527 quoties
614 1478 795 1527 parasitus
816 1478 958 1514 venerit
976 1477 1112 1513 infans.

232 1533 381 1569 Vilibus
397 1532 580 1580 ancipites
601 1531 704 1579 fungi
725 1539 911 1579 ponentur
932 1529 1076 1575 amicis,

178 1585 332 1622 Boletus
352 1585 526 1628 do1nin03
557 1584 622 1620 sed
642 1583 790 1631 qualem
815 1582 999 1618 Claudius
1018 1582 1096 1618 edit

179 1638 281 1674 Ante
298 1637 402 1673 illum
424 1636 560 1681 uxoris,
581 1644 663 1685 post
681 1647 793 1682 quern
813 1635 865 1670 nil
887 1632 1047 1682 amplius
1067 1633 1155 1670 edit.

230 1690 342 1726 Virro
361 1689 430 1725 sibi
450 1696 487 1725 et
506 1688 656 1736 reliquis
675 1687 899 1723 Virronibus
919 1686 982 1722 illa
998 1685 1143 1735 jubebit

178 1741 295 1778 Poma
315 1741 408 1787 dari,
428 1753 584 1789 quorum
605 1740 683 1777 solo
703 1739 866 1788 pascaris
885 1740 1019 1781 odore;

177 1793 321 1832 Qualia
340 1801 541 1842 perpetuus
561 1793 765 1828 Phaeacum
785 1800 987 1827 autumnus
1008 1790 1182 1836 habebat,

179 1846 343 1882 Credere
363 1858 445 1893 quae
467 1858 530 1893 pos
535 1845 584 1881 sis
604 1845 779 1892 subrepta
799 1843 986 1880 sororibus
1006 1842 1119 1878 Afris.

179 1897 243 1934 Tu
264 1897 390 1934 scabie
411 1897 545 1933 frueris
565 1897 666 1941 mali,
686 1896 813 1944 quod
806 1909 843 1931 in
865 1908 1000 1944 aggere
1021 1894 1130 1940 rodit,

177 1949 260 1988 Qui
280 1950 418 1998 tegitur
438 1962 567 1998 parma
587 1957 624 1985 et
643 1949 765 1995 galea,
786 1956 1032 1995 metuensque
1053 1946 1190 1996 flagelli

179 2001 302 2038 Discit
323 2002 369 2037 ab
389 2002 531 2037 hirsuta
547 2001 714 2049 jaculum
737 2008 908 2047 torquere
927 1999 1082 2047 capella.

233 2054 432 2090 Forsitan
425 2065 603 2101 impensae
624 2052 824 2088 Virronem
844 2064 997 2100 parcere
1017 2051 1160 2087 credas.

180 2106 266 2142 Hoc
287 2106 375 2155 agit,
397 2114 436 2141 ut
457 2105 603 2141 doleas:
634 2117 720 2140 nam
740 2117 822 2152 quse
845 2103 1043 2148 comoedia,
1064 2103 1200 2139 mimus

179 2158 280 2199 Quis
302 2137 431 2194 melior
452 2157 663 2205 ploranteg
644 2157 756 2193 oula.
746 2157 759 2182 ⁷
815 2154 917 2204 Ergo
936 2156 1064 2192 onmia
1083 2155 1191 2201 fiunt,

182 2211 223 2247 Si
244 2210 381 2255 nescis,
403 2218 443 2246 ut
463 2223 526 2258 per
547 2209 731 2256 lacrymas
751 2209 943 2244 effundere
964 2207 1077 2244 bilem
1116 2237 1118 2239 .

181 2263 351 2311 Cogaris,
373 2274 574 2310 pressoque
595 2261 660 2298 din
681 2262 836 2297 stridere
856 2260 999 2297 molari.

181 2314 245 2349 Tu
266 2314 333 2350 tibi
348 2315 441 2351 liber
462 2315 573 2350 homo
594 2322 631 2350 et
650 2314 748 2361 regis
768 2314 923 2349 conviva
943 2312 1079 2348 videris
1097 2324 1104 2348 :

181 2366 344 2414 Captum
366 2374 400 2402 te
422 2365 552 2402 nidore
572 2378 648 2401 sure
668 2372 771 2414 putat
794 2365 854 2401 ille
874 2364 1011 2401 culinae
1031 2376 1037 2399 :

181 2417 268 2454 Nec
289 2417 386 2454 male
409 2418 607 2466 conjectat.
663 2417 763 2456 Quis
784 2418 885 2453 enirn
906 2424 981 2453 tam
1001 2417 1138 2463 nudus,
1159 2423 1200 2453 ut
1218 2416 1324 2454 illum

182 2470 247 2508 Bis
267 2470 370 2517 ferat,
394 2469 596 2507 Etruscum
615 2483 732 2519 puero
752 2470 781 2506 si
803 2469 960 2519 contigit
980 2481 1110 2506 aurum

1413 434 1487 471 125

1414 694 1488 730 130

1414 955 1488 991 135

1414 1215 1489 1252 140

1414 1476 1489 1514 145

1416 1737 1490 1775 150

1417 1999 1490 2036 155

1417 2260 1490 2296 160
