1596 2779
143 151 170 188 6
558 154 598 182 D.
623 153 749 183 JUN11
775 155 1032 185 JUVENALIS

143 243 324 292 Nunquid
346 259 413 281 nos
433 246 578 293 agimus
597 247 755 282 causas?
784 247 905 284 civilia
921 248 1004 296 jura

142 296 356 333 Novimus?
385 306 448 334 aut
469 298 543 333 ullo
563 298 715 345 strepitu
738 299 813 334 fora
830 308 949 335 vestra
969 301 1185 337 movemus?

142 346 352 384 Luctantur
373 361 503 397 paucae
521 362 528 393 ;
559 350 762 385 comedunt
782 351 943 399 coliphia
963 364 1104 399 paucae.

141 399 220 436 Vos
239 400 362 436 lanam
383 401 539 445 trahitis,
561 402 791 448 calathisque
810 411 961 450 peracta
980 403 1123 439 refertis

141 451 292 487 Vellera
310 464 316 486 :
349 465 410 488 vos
432 453 535 488 tenui
557 461 810 501 praegnantem
832 455 990 490 stamine
1011 455 1132 491 fusum

140 502 329 551 Penelope
349 502 497 549 melius,
518 503 636 540 levius
658 506 833 552 torquetis
854 507 1047 548 Arachne,

142 554 305 591 Horrida
325 556 432 602 quale
453 556 539 592 facit
559 557 724 592 residens
745 556 780 592 in
802 558 930 593 codice
950 558 1080 606 pellex,

192 606 336 643 Notum
356 615 424 651 est,
444 620 510 643 cur
530 608 607 643 solo
626 608 769 644 tabulas
790 609 993 657 impleverit
1013 610 1141 647 Hister

140 658 312 701 Libert03
344 659 488 695 dederit
508 660 611 695 vivus
627 673 692 696 cur
713 660 829 696 multa
848 661 990 708 puellae.

140 710 256 746 Dives
275 711 358 755 erit,
380 724 515 759 magno
534 724 616 758 quae
636 712 772 748 dormit
792 713 898 748 tertia
920 713 1027 749 lecto.

139 761 203 797 Tu
223 763 336 808 nube,
357 770 464 810 atque
485 771 590 799 tace:
621 764 760 799 donant
780 776 916 800 arcana
935 765 1132 812 cylindros.

139 813 198 849 De
218 815 325 850 nobis
344 822 426 862 post
445 816 525 850 haec
546 815 659 850 tristis
679 816 865 851 sententia
886 817 1020 852 fertur:

139 865 214 901 Dat
233 866 380 902 veniam
400 867 532 911 corvis,
553 875 659 903 vexat
680 880 838 903 censura
859 868 1060 904 columbas.

192 917 388 966 Fugerunt
408 919 540 965 trepidi
563 931 646 954 vcra
667 932 711 954 ac
731 919 930 955 manifesta
949 928 1147 956 canentem

139 970 330 1005 Stoicidae.
386 970 491 1009 Quid
512 970 612 1006 enim
635 971 714 1006 falsi
729 968 920 1006 Lauronia
935 972 948 1007 ’ἲ
982 973 1056 1007 Sed
1077 972 1165 1019 quid

137 1021 225 1057 Non
248 1022 385 1058 sacient
405 1022 479 1066 alii,
496 1035 609 1069 quum
630 1030 668 1058 tu
690 1023 857 1059 multicia
877 1035 1014 1068 sumas,

137 1073 300 1118 Cretice‚
322 1082 358 1109 et
380 1075 476 1110 hanc
497 1082 632 1109 vestem
653 1075 788 1122 populo
808 1075 965 1111 mirante
985 1088 1134 1122 perores

138 1124 183 1161 In
204 1126 393 1170 Proculas,
414 1134 450 1161 et
471 1126 647 1162 Pollitas?
703 1126 771 1162 Est
791 1127 936 1162 moecha
959 1125 1136 1162 Labulla:

139 1177 358 1222 Damnetur,
379 1178 408 1214 si
429 1178 494 1223 vis,
515 1178 626 1214 etiam
647 1178 832 1214 Carfinia:
862 1179 972 1214 talem

137 1228 225 1265 Non
246 1238 367 1265 sumet
387 1230 562 1265 damnata
581 1237 715 1278 togam.
774 1231 850 1266 Sed
870 1230 993 1265 Julius
1014 1231 1138 1274 ardet,

137 1281 282 1318 „Estuo
339 1281 474 1317 Nudus
495 1282 602 1329 agas!
633 1280 764 1318 Minus
783 1290 837 1318 est
858 1283 1001 1318 insania
1022 1283 1148 1331 turpiS.

137 1333 196 1369 En
219 1334 400 1378 habitum,
422 1347 495 1381 quo
514 1342 549 1370 te
569 1334 672 1382 leges
691 1346 735 1369 ac
751 1334 835 1382 jura
856 1335 1035 1370 ferentem

136 1386 367 1421 Vulneribus
383 1386 509 1421 crudis
528 1386 686 1434 populus
705 1385 815 1422 modo
838 1387 965 1431 victor,
985 1395 1022 1423 et
1042 1387 1132 1422 illud

136 1436 360 1473 Montanum
376 1438 504 1486 positis
523 1438 668 1474 audiret
687 1438 818 1486 vulgus
838 1439 978 1474 aratris

135 1489 239 1528 Quid
295 1503 369 1525 non
391 1490 609 1538 proclames,
629 1490 666 1526 in
688 1502 840 1538 corpore
857 1490 995 1538 judicis
1015 1491 1083 1527 ista

137 1541 178 1578 Si
197 1542 323 1578 videas
340 1544 352 1577 ἶ
403 1542 558 1586 Quaero,
579 1554 624 1577 an
645 1542 805 1577 deceant
824 1543 991 1578 multicia
1010 1543 1169 1579 testem?

136 1594 251 1638 Acer,
272 1601 308 1629 et
328 1594 543 1639 indomitus,
564 1594 816 1641 libertatisque
837 1595 1025 1642 magister,
1066 1610 1068 1613 >

136 1645 299 1691 Cretice‚
320 1645 499 1694 perluces.
558 1645 673 1681 Dedit
693 1646 790 1681 hanc
810 1647 983 1694 contagio
1004 1646 1137 1691 labem,

136 1697 186 1733 Et
204 1698 306 1733 dabit
328 1698 365 1733 in
386 1697 531 1745 plures;
562 1697 659 1733 sicut
677 1710 768 1745 grex
790 1705 888 1733 totus
908 1698 945 1734 in
966 1698 1065 1746 agris

135 1749 256 1785 Unius
276 1750 401 1785 scabie
422 1749 523 1785 cadit
541 1756 577 1785 et
596 1749 784 1797 porrigine
804 1750 919 1797 porci,

135 1801 288 1849 Uvaque
308 1801 510 1849 conspecta
530 1801 682 1837 livorem
703 1801 807 1837 ducit
826 1802 872 1836 ab
893 1802 975 1837 uva.

189 1852 342 1889 Foedius
364 1854 434 1888 hoc
455 1853 594 1900 aliquid
613 1853 835 1900 quandoque
855 1854 1010 1889 audebis
1031 1854 1179 1890 amictu.

135 1904 262 1941 Nemo
281 1904 434 1953 repente
453 1905 521 1941 fuit
540 1904 784 1953 turpissimus
843 1906 1045 1954 Accipient
1063 1913 1099 1941 te

134 1955 334 2002 Paulatim,
354 1957 415 2004 qui
436 1957 547 2004 longa
566 1957 665 1992 domi
687 1957 906 1993 redimicula
925 1965 1078 1994 sumunt

134 2008 350 2054 Frontibus,
370 2016 407 2044 et
426 2015 502 2044 toto
521 2007 678 2056 posuere
700 2009 851 2044 monilia
879 2010 986 2054 collo,

133 2060 260 2108 Atque
280 2060 421 2096 Bonam
442 2068 579 2095 tenerze
599 2060 749 2108 placant
765 2060 962 2096 abdomine
982 2072 1117 2108 porcae,

134 2111 184 2148 Et
204 2125 340 2160 magno
359 2120 514 2156 cratere,
536 2111 666 2147 Deam.
707 2112 782 2147 Sed
803 2124 903 2147 more
922 2113 1071 2148 sinistro

135 2163 332 2212 Exagitata
351 2163 479 2211 procul
501 2176 575 2199 non
597 2164 708 2199 intrat
729 2163 880 2199 foemina
899 2164 1024 2199 limen.

136 2216 233 2251 Solis
253 2228 316 2251 ara
336 2215 427 2251 Deae
449 2215 612 2250 maribus
631 2223 741 2263 patet.
799 2214 856 2251 Ite
876 2215 1061 2263 prosanae!

102 2295 110 2302 .
135 2267 330 2303 Clamatur
349 2280 355 2302 z
385 2267 488 2303 nullo
506 2267 622 2315 gemit
642 2266 704 2302 hie
723 2267 879 2307 tibicina
899 2279 1027 2304 cornu.

135 2318 248 2355 Talia
267 2319 413 2355 secreta
433 2319 630 2354 coluerunt
649 2319 769 2367 Orgia
788 2319 886 2355 taeda

133 2370 357 2418 Cecropiam
379 2370 474 2407 soliti
495 2370 629 2418 Baptae,
642 2370 780 2406 lassare
801 2370 961 2418 Cotytto.

137 2421 206 2458 Ille
226 2422 464 2470 supercilium
485 2422 636 2458 madida
657 2422 810 2470 fuligine
831 2430 972 2458 tactum

137 2473 301 2522 obliqua
321 2474 494 2522 producit
513 2485 596 2519 acu,
616 2473 809 2522 pingitque
830 2482 1030 2511 trementes

1397 559 1447 595 40

1394 1593 1446 1630 60

1393 1852 1444 1889 65

1395 2111 1446 2148 70

1396 2371 1446 2408 75
