1596 2779
145 143 191 178 14
554 139 594 169 D.
618 139 744 169 JUNH
768 138 1026 169 JUVENALIS

143 234 322 271 Servul'us
343 233 483 279 infelix,
503 240 540 269 et
559 245 670 269 cursu
691 233 843 269 ventilat
863 233 1002 280 ignem.

144 287 378 323 scinduntur
397 285 535 321 tunicae
555 292 683 320 sartae:
713 283 824 321 modo
845 285 956 331 longa
975 290 1150 320 coruscat

143 339 301 374 Sarraco
321 338 494 373 veniente
514 336 629 382 abies,
650 344 758 384 atque
779 337 893 372 altera
912 337 1041 384 pinum

144 390 312 426 Plaustra
332 390 483 434 vellunt,
504 397 636 424 nutant
656 388 736 424 altae
770 388 977 436 populoque
1008 387 1209 423 minantur.

144 442 243 478 Nam
264 455 294 477 ει
315 441 524 489 procubuit,
545 440 607 487 qui
627 453 715 476 saxa
735 440 927 488 Ligustica
946 447 1078 488 portat,

146 494 251 538 Axis,
272 502 308 529 et
328 505 495 529 eversum
518 492 611 528 fudit
630 505 739 540 super
759 492 911 540 agmina
930 499 1109 537 montem,

143 545 250 585 Quid
270 552 438 593 superest
457 545 503 580 (le
524 544 766 592 corporibus.
755 544 769 569 ‘P
797 544 880 591 quis
899 543 1078 588 membra,
1098 543 1180 591 quis
1205 555 1290 579 ossa

145 597 322 633 Invenit?
351 597 527 633 obtritum
548 595 646 644 vulgi
666 595 761 643 perit
779 608 892 631 omne
908 595 1066 630 cadaver

145 648 251 685 More
269 649 412 684 animm.
470 647 613 684 Domus
633 648 775 684 interea
795 659 928 682 secura
947 647 1101 694 patellas

145 700 233 737 Jam
253 701 309 736 lai
315 708 363 746 at,
383 708 420 736 et
439 699 561 735 bucca
582 699 744 735 foculum
764 699 913 744 excitat,
933 706 969 734 et
988 706 1095 735 sonat
1113 699 1237 735 unctis

146 753 359 801 striglibus,
380 760 416 788 et
435 752 546 799 pleno
565 752 754 812 componit
775 751 890 787 lintea
909 758 1025 799 gutto.

147 804 241 840 Haec
258 804 352 840 inter
373 816 507 865 pueros
525 802 625 838 varie
647 810 910 860 properantur:
939 809 976 838 at
995 802 1054 838 ille

146 856 230 892 Jam
251 856 383 892 sedet
376 868 412 891 in
434 856 528 903 ripa,
548 862 756 912 tetrumque
778 855 946 890 novicius
967 854 1089 890 horret

147 908 357 953 Porffimea,
378 920 449 943 nec
469 915 592 955 sperat
611 906 751 943 coenosi
772 907 930 955 gurgitis
951 906 1078 941 alnum

146 960 296 1005 Infelix,
318 972 388 996 nec
410 960 533 1004 habet,
555 971 666 1006 quem
686 959 861 1007 porrigat,
881 971 944 994 ore
964 959 1147 994 trientem.

198 1012 364 1060 Respice
385 1024 487 1047 nunc
507 1011 578 1047 alia
598 1024 641 1046 ac
662 1011 807 1046 diversa
826 1010 992 1059 pericula
1012 1011 1155 1046 noctis:

145 1064 260 1104 Quod
282 1064 442 1112 spatium
461 1063 570 1099 tectis
589 1063 822 1108 sublimibus,
845 1063 944 1098 unde
965 1062 1161 1098 cerebrum

146 1115 264 1152 Testa
285 1116 379 1161 ferit,
401 1115 544 1163 quoties
564 1114 697 1151 rimosa
717 1123 754 1150 et
773 1122 878 1150 curta
900 1114 1069 1150 fenestris

146 1168 248 1204 Vasa
263 1168 420 1211 cadant3
451 1176 588 1215 quanto
608 1179 828 1214 percussum
848 1167 1012 1214 pondere
1034 1165 1186 1214 signent

147 1220 195 1257 Et
213 1221 352 1256 laedant
371 1220 524 1256 silicem.
582 1218 705 1255 Possis
727 1219 882 1267 ignavus
902 1218 1029 1254 haberi

146 1272 196 1309 Et
215 1273 328 1309 subiti
349 1272 458 1308 casus
478 1271 716 1320 improvidus,
734 1271 779 1306 ad
801 1283 946 1306 coenam
973 1270 1003 1306 si

146 1324 350 1362 Intestatus
369 1337 443 1360 eas,
500 1321 610 1360 Adeo
631 1331 683 1359 tot
704 1323 788 1368 fata,
808 1330 896 1370 quot
916 1323 977 1358 illa

147 1377 270 1414 Nocte
295 1384 423 1426 patent
442 1377 584 1425 vigiles,
605 1384 640 1412 te
661 1383 920 1424 praetereunte,
941 1375 1133 1410 fenestrae:

146 1427 250 1479 Ergo
270 1438 385 1479 optes,
409 1436 604 1477 votumque
627 1429 721 1464 seras
740 1428 949 1464 miserabile
971 1434 1109 1472 tecum,

147 1481 196 1519 Ut
215 1483 289 1519 sint
309 1489 494 1518 contentae
514 1482 659 1530 patulas
678 1480 884 1517 defundere
904 1480 1039 1528 pelveS.

199 1536 336 1572 Ebrius
357 1548 399 1571 ac
415 1535 600 1583 petulans,
620 1533 682 1581 qui
704 1533 848 1568 nullum
871 1530 963 1568 forte
986 1531 1137 1577 cecidit,

147 1588 222 1625 Dat
240 1602 381 1638 poenaS‚
403 1595 549 1623 noctem
570 1586 706 1635 patitur
726 1585 888 1633 lugentis
908 1584 1072 1620 amicum

148 1641 300 1687 Pelidae,
321 1639 461 1676 cubat
454 1652 491 1675 in
513 1639 660 1683 faciem,
682 1650 766 1674 mox
766 1619 923 1673 0deinde
944 1637 1110 1684 supinus.

146 1692 251 1742 Ergo
273 1706 347 1729 non
369 1692 472 1728 aliter
492 1691 626 1740 poterit
645 1669 829 1726 dormire?
884 1688 1127 1728 Quibusdam

149 1747 332 1782 Somnum
353 1745 432 1781 rixa
458 1744 564 1780 facit:
595 1743 673 1787 sed,
693 1742 860 1790 quamvis
881 1741 1070 1789 improbus
1090 1739 1210 1785 annis,

152 1799 274 1845 Atque
295 1810 397 1833 mero
419 1797 576 1841 seriens,
593 1802 698 1831 cavet
720 1795 833 1839 hunc,
853 1806 964 1842 quem
988 1792 1147 1829 coccina
1172 1791 1269 1828 laena

149 1850 268 1886 Vitari
285 1850 403 1898 jubet,
424 1857 460 1885 et
480 1827 658 1884 comitum
679 1824 917 1894 longissimus
936 1846 1039 1890 ordo,

149 1902 312 1938 Multum
332 1909 510 1950 praeterea
530 1900 774 1945 flammarum,
793 1907 829 1935 et
850 1901 969 1935 a'enca
989 1898 1140 1946 lampas,

151 1955 227 2001 Me,
248 1967 358 2002 quem
375 1954 463 1989 luna
483 1953 574 1990 solet
593 1953 781 1988 deducere
815 1951 870 1987 vel
892 1952 1000 1987 breve
1020 1950 1149 1987 lumen

149 2006 342 2052 candelae,
359 2006 465 2054 cujus
485 2006 659 2053 dispenso
679 2012 715 2040 ct
735 2012 901 2052 tempero
917 2003 1032 2048 filum,

149 2059 377 2097 Contemnit.
435 2057 583 2094 Miserae
603 2069 788 2105 cognosce
809 2055 986 2103 prooemia
1006 2055 1108 2101 rixae,

150 2112 191 2148 Si
212 2112 292 2148 rixa
307 2118 374 2156 est,
396 2110 458 2146 ubi
478 2119 517 2146 tu
537 2109 673 2158 pulsas,
690 2121 760 2157 ego
781 2108 913 2156 vapulo
932 2106 1089 2144 tanturn.

151 2165 233 2201 Stat
253 2161 397 2208 contra,
418 2163 578 2209 starique
594 2161 721 2209 jubet3
753 2174 880 2209 parere
900 2172 1056 2196 necesse
1075 2167 1142 2196 est.

150 2216 251 2253 Nam
270 2216 358 2263 quid
379 2228 479 2262 agas,
500 2227 613 2262 quum
634 2221 668 2249 te
692 2213 850 2249 furiosus
869 2220 990 2261 cogat,
1010 2220 1047 2248 et
1067 2212 1166 2248 idem

151 2268 325 2306 Fortior?
382 2267 490 2303 Unde
510 2266 642 2302 venis?
671 2266 878 2302 exclamat:
909 2265 1015 2313 cujus
1035 2273 1154 2311 aceto,

151 2320 270 2370 Cujus
289 2320 433 2356 conche
453 2319 600 2355 tumes?
629 2318 710 2366 quis
730 2326 854 2353 tecum
875 2318 1002 2353 sectile
1022 2329 1172 2365 porrum

152 2374 277 2418 Sutor,
298 2380 335 2408 et
354 2371 440 2407 elixi
461 2370 625 2407 vervecis
644 2371 745 2406 labra
765 2370 954 2406 comedit?

153 2424 217 2461 Nil
238 2424 329 2461 milii
350 2423 580 2472 respondes?
609 2431 673 2458 aut
686 2423 759 2467 dic,
782 2430 844 2458 aut
864 2422 992 2469 accipe
1015 2421 1169 2458 calcem.

153 2477 246 2523 Ede,
268 2477 332 2512 ubi
353 2476 557 2512 consistas:
589 2475 625 2511 in
647 2475 717 2522 qua
739 2483 774 2510 te
794 2486 920 2521 quaero
938 2473 1173 2522 proseucha?

1365 232 1444 269 235

1368 490 1446 527 240

1368 750 1446 786 245

1368 1010 1447 1046 250

1373 1530 1450 1567 260

1374 1791 1453 1828 265

1408 2053 1458 2090 70

1409 2315 1460 2350 75
