1596 2779
634 169 795 199 SATIRA
821 168 900 198 vn.
934 188 937 190 -

106 262 232 299 Nassa
253 263 364 300 velint
384 276 526 307 omnes,
549 263 759 298 mercede-n
782 263 922 298 solvere
944 275 1063 297 nemo.

106 314 320 351 Mercedem
342 316 527 363 appellas?
556 315 641 362 quid
664 315 763 350 enim
785 315 888 350 scio?
944 314 1064 362 Culpa
1085 313 1255 349 docentis

105 367 260 403 Scilicet
279 368 457 416 arguitur,
481 365 579 414 qnod
601 367 692 401 lteva
713 367 748 401 in
770 374 872 414 parte
893 365 1066 402 mamillae

105 417 169 454 Nil
191 419 275 455 salit
296 419 483 454 Arcadico
500 418 639 466 juveni,
661 418 768 465 cujus
789 418 879 453 mihi
901 418 1005 453 sexta

103 469 267 517 quique
288 471 347 506 die
368 471 543 506 miserum
564 470 665 505 dirus
681 477 791 517 caput
813 469 1005 505 Hannibal
1026 469 1175 517 implet3

103 521 300 569 Quidquid
321 522 357 558 id
377 529 445 567 est,
467 522 512 557 de
532 534 604 569 quo
623 521 815 566 deliberat,
837 534 883 556 an
903 528 1003 569 petat
1023 521 1163 556 Urbem

105 573 140 608 A
161 573 318 619 Cannis,
338 586 385 609 an
406 581 487 622 post
505 574 651 609 nimbos
670 580 707 608 et
728 572 882 608 fulmina
903 580 1036 609 cautus

104 624 329 673 Cicumagat
348 625 516 660 madidas
536 638 556 660 a
576 631 794 672 tempestate
814 625 996 660 cohortes.

102 674 300 714 Quantam
322 678 374 713 vis
394 677 584 724 stipulare,
605 683 642 712 et
660 684 836 724 protenus
857 676 998 724 accipe,
1019 676 1116 724 quod
1138 676 1198 722 do,

104 726 152 763 Ut
171 729 279 764 toties
300 729 401 765 illum
422 736 523 777 pater
544 729 682 764 audiat.
739 728 834 763 Haeo
855 728 915 764 alii
936 741 1000 764 sex

104 779 173 815 Vel
194 780 319 828 plures
339 794 413 816 uno
429 781 666 816 conclamant
686 792 748 815 ore
769 780 955 827 sophistae,

103 830 151 867 Et
171 844 274 867 veras
294 832 435 880 agitant
455 831 549 877 lites,
570 839 714 879 raptore
734 831 884 875 relicto;

103 882 203 918 Fusa
222 895 365 919 venena
385 883 508 928 silent,
529 883 648 918 nialus
668 883 908 931 ingratusque
928 884 1097 930 maritus,

102 934 150 970 Et
168 946 250 982 quae
266 934 342 983 jam
361 943 501 970 veteres
520 942 654 970 sanant
673 935 846 970 mortaria
866 947 996 971 caecos.

102 985 202 1034 Ergo
223 986 293 1023 sibi
314 987 414 1022 dabit
435 987 512 1035 ipse
533 987 677 1031 rudem,
698 986 727 1021 si
748 994 872 1022 nostra
893 987 1094 1024 movebunt

101 1037 280 1083 Consilia,
300 1046 337 1074 et
356 1038 439 1075 vitae
461 1039 646 1074 diversum
670 1038 738 1073 iter
759 1039 1002 1085 ingredietur,

101 1090 163 1125 Ad
183 1102 346 1138 pugnam
366 1091 428 1138 qui
449 1090 631 1127 rhetorica
653 1090 847 1126 descendit
867 1091 912 1126 ab
933 1091 1077 1137 umbra,

101 1142 297 1177 Summula
317 1155 364 1178 ne
384 1150 522 1192 pereat,
542 1142 613 1190 qua
637 1142 716 1177 vilis
736 1150 874 1178 tessera
896 1143 996 1178 venit

100 1192 317 1230 Frumenti:
348 1194 482 1242 quippe
504 1195 583 1230 haec
606 1207 748 1229 merces
769 1194 985 1229 lautissima.
1042 1194 1182 1241 Tema,

99 1244 369 1294 Chrysogonus
388 1246 516 1294 quanti
537 1247 681 1289 doc-eat,
704 1246 757 1281 vel
780 1246 897 1282 Pollio
917 1247 1046 1293 quanti

99 1296 302 1334 Lautorum
323 1311 468 1346 pueros,
490 1306 607 1334 artem
627 1298 804 1334 scindens
825 1298 1028 1334 Theodori.

99 1348 241 1386 Balnea
257 1350 458 1396 sexcentis,
478 1358 515 1386 et
533 1350 648 1398 pluris
668 1350 844 1398 porticus,
866 1351 903 1386 in
923 1351 996 1398 qua

97 1400 272 1437 Gestetur
293 1402 478 1447 dominus,
498 1403 642 1450 quoties
661 1403 764 1450 pluit.
823 1403 936 1438 Anne
958 1415 1132 1439 serenum

98 1452 312 1501 Exspectet,
334 1462 554 1502 spargatque
574 1454 650 1490 luto
677 1455 845 1503 jumenta
866 1455 1039 1490 rec-enti?

101 1503 175 1541 Hie
194 1503 316 1553 potius
334 1519 341 1542 ε
371 1519 531 1554 namque
552 1506 614 1542 hic
635 1507 784 1541 munda),
805 1508 898 1542 uitet
919 1507 1060 1554 ungula
1081 1507 1189 1542 mulae

97 1556 206 1593 Parte
226 1558 299 1593 alia
319 1558 439 1606 longis
460 1558 708 1593 Numidarum
732 1558 821 1594 fulta
841 1558 1026 1594 columnis

98 1608 247 1657 Sui-gat,
267 1617 303 1645 et
323 1610 509 1658 algentem
530 1611 646 1658 rapiat
666 1610 826 1646 effluatis>
847 1610 972 1646 solem.

97 1661 395 1710 Quanticunque
416 1662 560 1707 domus,
578 1663 714 1707 veniet,
735 1663 796 1710 qui
818 1662 957 1698 fercula
978 1661 1087 1699 docte

96 1711 326 1761 Componat3
356 1714 491 1759 veniet,
511 1715 572 1762 qui
594 1715 842 1763 pulmentaria
862 1715 1010 1750 condat.

96 1763 177 1800 Hos
199 1765 292 1801 inter
313 1773 482 1814 sumptus
498 1767 667 1802 sestertia
685 1766 938 1812 Quintiliano,

95 1815 144 1851 Ut
164 1817 333 1863 multum,
355 1818 429 1853 duo
449 1818 644 1854 sufficient.
702 1819 783 1854 Res
803 1819 903 1854 nulla
934 1819 1086 1855 minoris

95 1868 292 1905 Constabit
312 1870 418 1917 patri,
439 1869 550 1918 quam
573 1871 679 1905 filius.
738 1871 846 1906 Unde
867 1871 979 1918 igitur
999 1877 1052 1907 tot

93 1919 354 1958 Quintilianus
375 1922 485 1958 habet
506 1922 647 1958 saltus?
704 1922 886 1970 Exempla
907 1935 1085 1958 novorum

95 1971 271 2008 Fatorum
293 1973 408 2009 transi
425 1986 432 2009 :
464 1973 562 2020 felix,
583 1983 618 2009 et
638 1974 806 2022 pulcher,
827 1983 863 2010 et
883 1987 968 2010 acer
985 1987 993 2018 3

94 2022 213 2069 Felix,
233 2032 271 2060 et
291 2025 451 2073 sapiens,
472 2033 508 2062 et
528 2026 676 2070 nobilis,
697 2034 732 2062 et
751 2038 954 2074 generosus

93 2075 312 2123 Appositam
335 2077 452 2126 nigrae
472 2078 598 2114 lunam
620 2079 783 2114 subtexit
803 2079 912 2114 alutae
931 2092 938 2114 :

94 2126 212 2175 Felix,
232 2138 352 2165 orator
372 2142 517 2177 quoque
538 2131 721 2166 maximus
741 2138 777 2166 et
793 2130 996 2178 jaculator3

93 2178 152 2225 Et,
173 2180 202 2215 si
222 2181 402 2228 perfrixit,
424 2189 549 2218 cantat
573 2182 678 2218 bene.
737 2182 860 2218 Distat
879 2183 995 2228 enim,
1015 2195 1098 2232 quae

92 2229 224 2267 Sidera
244 2240 279 2268 te
299 2233 488 2282 excipiant
507 2232 618 2271 modo
638 2235 777 2282 primos
797 2234 1040 2283 incipientem

91 2280 213 2320 Edere
233 2285 390 2333 vagitus,
405 2293 442 2321 et
462 2286 585 2322 adhuc
605 2300 625 2323 a
646 2294 761 2323 matre
780 2287 988 2323 rubentem.

92 2333 132 2370 Si
153 2334 320 2373 Fortuna
340 2337 447 2383 volet,
469 2337 534 2374 fies
554 2339 600 2374 de
622 2339 767 2374 rhetore
787 2339 919 2375 consul
936 2351 942 2374 :

91 2386 131 2421 Si
152 2387 248 2424 volet
268 2389 348 2425 haec
367 2389 513 2435 eadem,
533 2390 600 2426 fies
620 2392 665 2426 de
686 2391 840 2426 consule
860 2391 994 2428 rhetor.

90 2438 290 2475 Ventidius
305 2441 393 2489 quid
413 2441 545 2478 enim?
573 2443 661 2490 quid
683 2442 860 2479 Tullius?
889 2456 986 2480 anne
1007 2445 1121 2492 aliud,
1143 2446 1254 2494 quam

91 2490 216 2538 Sidus,
237 2499 273 2528 et
291 2493 428 2529 occulti
450 2494 618 2530 miranda
637 2495 802 2543 potentia
823 2495 916 2532 fati?

405 2545 429 2580 4
443 2545 463 2565 ²*

1359 169 1406 205 41

1335 416 1409 452 160

1337 675 1408 712 165

1337 935 1410 972 170

1337 1195 1410 1232 175

1334 1455 1408 1493 180

1331 1716 1406 1753 185

1330 1976 1404 2014 190

1327 2237 1402 2275 195
