1596 2779
177 168 227 206 74
589 169 629 199 D.
653 168 780 199 JUN11
803 168 1062 200 JUVENALIS

176 259 399 310 Depositum
420 262 593 308 retinere,
613 270 649 298 et
671 263 837 298 fraudem
854 263 938 311 jure
956 260 1051 299 tueri

177 312 360 349 Jurando.
416 314 623 352 Quaerebat
642 314 756 359 enim,
776 327 858 361 qna¹
879 315 1044 350 numinis
1062 319 1162 351 esset

177 363 301 409 Mens,
323 373 358 401 et
379 378 424 400 an
447 366 516 401 hoc
537 365 586 400 illi
609 365 754 400 facinus
773 366 945 401 suaderet
965 365 1132 414 Apollo?

177 414 362 453 Reddidit
382 415 471 464 ergo
493 424 606 461 metu,
630 429 704 452 non
727 417 890 452 moribus
907 430 914 460 ;
945 424 982 453 et
1001 425 1127 453 tamen
1147 429 1297 454 omnem

176 466 320 503 Vocem
342 469 441 515 adyti
463 468 615 516 dignam
636 468 773 516 templo
793 479 990 516 veramque
1010 469 1178 517 probavit

176 517 394 555 Exstinctus
413 521 491 556 tota
513 521 646 568 pariter
666 532 752 554 cum
772 520 874 567 prole
893 520 1089 568 domoque,

177 569 238 615 Et,
258 571 424 618 quamvis
443 571 556 619 longa
576 571 748 607 deductis
767 579 894 619 gente,
914 572 1138 620 propinquis.

176 622 258 658 ‚Has
277 623 411 670 patitur
431 636 560 671 poenas
579 623 760 672 peccandi
781 621 858 660 sola
873 623 1052 660 voluntas.

178 669 278 709 Nam
299 675 422 710 scelus
443 675 539 711 intra
560 688 598 711 se
620 675 774 711 tacitum
794 675 856 723 qui
878 676 1016 723 cogitat
1036 675 1166 721 ullum,

176 724 283 761 Facti
304 727 445 762 crimen
467 726 588 762 habet.
645 727 763 772 Cedo,
784 727 813 762 si
834 736 966 763 conata
986 728 1158 775 peregit?

175 776 362 825 Perpetua
382 779 549 814 anxietas
570 791 640 814 nec
660 791 799 813 mensae
820 786 984 826 tempore
1006 786 1139 825 cessat,

175 828 366 865 Faucibus
386 838 425 866 ut
445 831 572 866 morbo
592 830 715 874 siccis,
736 830 903 877 interque
923 830 1082 866 molares

175 880 330 916 Difficili
351 890 543 917 crescente
564 882 648 918 cibo
667 894 673 916 :
703 882 766 918 sed
789 882 874 917 vina
893 882 1059 917 misellus

175 932 356 980 Exspuit;
387 933 525 969 Albani
547 934 679 970 veteris
699 933 859 981 pretiosa
879 942 1054 970 senectus

176 983 372 1032 Displicet.
429 985 620 1021 Ostendas
640 985 784 1030 melius,
805 985 1028 1021 densissima
1048 998 1141 1034 ruga

176 1036 332 1083 Cogitur
353 1036 390 1072 in
411 1036 583 1082 frontem,
604 1037 703 1073 velut
723 1037 798 1072 acri
820 1038 934 1072 ducta
954 1036 1126 1073 Falerno.

176 1086 301 1124 Nocte
323 1088 468 1124 brevem
490 1089 519 1124 si
535 1087 626 1124 forte
650 1089 803 1124 indulsit
823 1101 914 1124 cura
929 1101 1114 1136 soporem,

177 1138 226 1176 Et
244 1147 321 1176 toto
342 1149 485 1176 versata
506 1148 585 1176 toro
601 1141 676 1188 jam
699 1141 865 1175 membra
884 1141 1103 1188 quiescunt3

175 1190 368 1228 Continuo
390 1192 582 1240 templum,
604 1200 640 1228 et
659 1192 781 1228 violati
803 1192 967 1228 numinis
987 1205 1081 1238 aras,

176 1242 237 1289 Et,
257 1244 353 1291 quod
375 1244 572 1292 praecipuis
594 1252 757 1280 mentem
778 1244 983 1279 sudoribus'
996 1253 1142 1292 urguet,

175 1294 236 1331 Te
255 1296 354 1332 videt
375 1296 410 1331 in
432 1296 593 1332 somnis:
624 1304 686 1332 tua
707 1309 811 1331 sacra
831 1303 868 1331 et
885 1296 998 1344 major
1019 1296 1142 1344 imago

176 1347 356 1383 Humana
376 1349 499 1384 turbat
518 1348 706 1396 pavidum,
727 1348 900 1396 cogitque
921 1348 1036 1384 fateri.

176 1399 228 1435 Hi
249 1407 348 1443 sunt,
368 1400 430 1448 qui
451 1401 648 1448 trepidant,
670 1408 705 1435 et
726 1400 771 1435 ad
792 1400 918 1435 omnia
938 1400 1083 1448 fulgura
1102 1399 1255 1448 pallent,

173 1449 306 1490 Quum
327 1459 441 1496 tonat,
462 1452 654 1487 exanimes
674 1452 792 1500 primo
811 1464 957 1499 quoque
978 1464 1167 1488 murmure
1187 1451 1296 1496 coeli;

175 1502 264 1539 Non
285 1504 387 1551 quasi
411 1504 593 1549 fortuitus,
614 1516 684 1539 nec
706 1511 898 1539 ventorum
920 1503 1036 1549 rabie,
1057 1504 1122 1540 sed

176 1554 297 1591 Iratus
319 1556 428 1592 cadat
448 1556 485 1591 in
506 1564 622 1592 terras
641 1564 677 1591 et
693 1556 837 1604 judicet
850 1555 957 1604 ignis.

175 1606 244 1643 Illa
264 1608 356 1644 nihil
380 1608 520 1652 nocuit,
541 1608 631 1643 cura
651 1608 816 1655 graviore
836 1608 986 1643 timetur

173 1658 345 1696 Proxima
365 1668 575 1708 tempestas,
596 1661 694 1695 velut
715 1660 784 1695 hoc
805 1660 916 1695 dilata
936 1672 1078 1695 sereno.

173 1710 370 1757 Praeterea,
391 1712 515 1748 lateris
536 1712 633 1760 vigili
655 1723 741 1747 cuin
763 1711 862 1748 febre
882 1711 1045 1747 dolorem

173 1762 214 1798 Si
235 1763 383 1812 coepere
403 1764 492 1812 pati,
515 1764 667 1799 missum
688 1764 733 1799 ad
754 1775 821 1798 sua
841 1775 994 1811 corpora
1013 1762 1184 1798 morbum

172 1814 314 1852 Infesto
334 1816 492 1851 credunt
513 1829 532 1851 a
554 1816 708 1851 numine
727 1828 733 1850 :
764 1827 852 1850 saxa
872 1815 1026 1850 deorum

172 1867 269 1902 Haec
288 1876 325 1904 et
345 1868 417 1904 tela
436 1875 578 1916 putant.
637 1867 824 1903 Pecudem
846 1867 1027 1914 spondere
1047 1866 1144 1902 sacel

172 1919 380 1965 Balantem,
400 1927 436 1955 et
456 1919 614 1955 Laribus
635 1919 782 1954 cristam
803 1919 1015 1966 promittere
1034 1918 1124 1967 galli

171 1970 257 2007 Non
281 1972 442 2008 audent:
473 1972 561 2019 quid
581 1972 680 2007 enim
702 1983 848 2019 sperare
870 1971 1092 2006 nocentibus
1113 1970 1222 2019 aegris

170 2023 432 2060 Concessum?
462 2023 516 2059 vel
538 2035 618 2070 qua}
641 2036 713 2058 non
735 2022 880 2071 dignior
901 2022 1023 2058 hostia
1042 2022 1141 2059 vita?

170 2073 322 2111 Mobilis
343 2083 379 2112 et
399 2075 498 2111 varia
517 2084 572 2110 est
593 2073 707 2111 ferme
730 2084 860 2110 natura
881 2074 1073 2110 malorum.

168 2126 301 2166 Quum
322 2127 444 2163 scelus
464 2127 676 2171 admittunt,
698 2133 864 2175 superest
883 2126 1103 2162 constantia.
1158 2125 1265 2164 Quid
1285 2125 1339 2162 sas

170 2179 296 2226 Atque
316 2179 432 2223 nefas,
452 2179 601 2214 tandem
624 2178 806 2226 incipiunt
824 2178 961 2214 sentire
981 2178 1141 2226 peractis

171 2230 417 2267 Criminibus.
479 2230 628 2266 Tamen
652 2231 696 2266 ad
719 2243 839 2266 mores
859 2237 991 2265 natura
1011 2229 1166 2265 recurrit

170 2282 392 2328 Damnatus,
412 2283 485 2318 fixa
506 2290 542 2318 et
564 2283 696 2318 mutari
718 2282 855 2318 nescia.
913 2281 1012 2317 Nam
1033 2281 1115 2329 quis

171 2335 359 2370 Peccandi
381 2335 491 2371 finem
514 2335 633 2382 posuit
653 2335 749 2370 sihi?
778 2334 926 2382 quando
946 2334 1086 2382 recepit

171 2386 344 2434 Ejectum
365 2387 477 2423 semel
501 2386 624 2422 attrita
646 2387 691 2422 de
713 2386 831 2422 fronte
852 2386 1023 2421 ruborem
1041 2386 1055 2420 'l

167 2438 359 2477 Quisnam
382 2439 572 2475 hominum
594 2446 662 2483 est,
683 2451 792 2485 quein
813 2446 852 2474 tu
873 2444 1090 2474 contentum
1111 2436 1247 2473 videris
1265 2449 1340 2473 uno

172 2489 358 2539 Flagitio?
415 2491 529 2526 Dabit
549 2491 585 2526 in
608 2490 779 2538 laqueum
802 2490 954 2537 vestigia
974 2496 1097 2525 noster

1403 470 1480 507 205

1403 727 1482 765 210

1402 986 1480 1023 215

1404 1245 1483 1282 220

1403 1763 1482 1800 230

1402 2023 1479 2061 235

1400 2281 1478 2318 240
