1596 2779
649 142 812 176 SATIRA
837 142 878 175 V.

104 239 289 289 Coniuge,
309 250 373 289 per
393 248 557 276 montem
580 241 788 285 adversum,
809 239 1028 287 gelidasque
1049 237 1201 276 cucurri

105 292 306 340 Esquilias,
328 293 501 329 fremeret
520 293 619 328 szeva
639 304 753 340 quum
773 290 958 339 grandine
980 304 1114 327 vernus

103 343 263 392 Jupiter,
283 352 321 381 et
340 344 457 381 multo
476 345 633 380 stillaret
652 344 802 392 paenula
821 344 949 380 nimbo
966 344 973 379 !

104 396 284 444 Adspice,
305 395 417 444 quam
437 397 548 444 longo
569 396 760 432 distendat
779 404 930 443 pectore
950 396 1112 442 lancem,

101 447 203 487 Quae
224 448 338 484 fertur
358 448 522 494 domino,
544 448 688 496 squilla,
708 455 745 484 et
765 448 902 495 quibus
922 448 1088 496 undique
1108 455 1211 496 septa

104 501 321 549 Asparagis‚
341 501 414 548 qua
435 501 617 549 despiciat
636 500 807 536 convivia
827 500 963 546 cauda,

101 551 233 590 Quum
254 553 355 589 venit
374 552 512 588 excelsi
534 553 706 588 manibus
725 553 871 588 sublata
890 552 1061 589 ministri.

102 604 178 640 Sed
199 604 264 640 tibi
283 605 440 640 dimidio
459 605 682 641 constrictus
703 617 916 640 cammarus
935 617 1005 641 ovo

101 655 269 702 Ponitur,
289 657 427 705 exigua
449 657 570 693 feralis
592 669 701 693 coena
719 657 869 706 patella.

101 707 187 756 Ipse
208 709 425 745 Venafrano
444 710 584 757 piscem
604 709 794 757 perfundit
812 721 818 744 :
850 716 886 745 at
905 709 980 755 hic,
1001 707 1063 757 qui

101 760 268 796 Pallidus
288 760 438 797 affertur
458 761 593 798 misero
612 762 678 798 tibi
699 761 829 807 caulis,
849 761 965 798 olebit

102 811 315 848 Laternam.
372 812 470 849 Illud
490 814 591 850 enim
612 814 742 850 vestris
762 813 870 849 datur
890 811 1054 860 alveolis,
1074 814 1173 862 quod

100 864 237 900 Canna
256 863 503 913 Micipsarum
524 867 632 914 prora
653 866 823 902 subvexit
844 867 976 909 acutam

99 916 254 965 Propter
273 917 370 965 quod
392 917 525 953 Romae
546 931 633 953 cum
654 918 847 954 Bocchare
867 930 978 954 nemo
998 918 1154 965 lavatur,

98 967 217 1007 Quod
237 977 335 1006 tutos
355 970 468 1005 etiam
489 970 579 1006 facit
598 984 619 1006 a
639 970 876 1019 serpentibus
896 970 1020 1006 Afros.

100 1019 242 1057 Mullus
261 1021 330 1058 erit
349 1022 514 1068 domino,
534 1035 644 1070 quem
667 1022 767 1058 misit
786 1022 955 1067 Corsica,
976 1023 1032 1058 vel
1052 1035 1163 1071 quem

99 1073 433 1110 Tauromenitanae
454 1087 576 1123 rupes,
597 1076 746 1123 quando
765 1087 876 1111 omne
897 1082 1090 1123 peractum
1110 1083 1168 1112 est

100 1124 238 1174 Etjam
258 1125 395 1162 defecit
415 1135 582 1163 nostrum
603 1140 719 1172 mare,
740 1127 829 1162 dum
849 1127 939 1175 gula
959 1127 1074 1174 saevit,

99 1176 263 1213 Retibus
284 1178 443 1214 assiduis
462 1179 610 1227 penitus
631 1186 820 1215 scrutante
840 1178 998 1215 macello

98 1229 284 1276 Proxima,
306 1243 377 1266 nec
397 1231 558 1279 patimur
578 1230 822 1279 Tyrrhenum
843 1244 1013 1267 crescere
1042 1232 1196 1279 piscem.

98 1281 255 1318 Instruit
273 1281 364 1331 ergo
386 1283 509 1320 focum
529 1284 742 1332 provincia:
772 1283 929 1320 sumitur
950 1283 1052 1319 illinc

96 1333 215 1372 Quod
235 1342 401 1384 captator
422 1344 521 1372 emat
541 1335 678 1382 Lenas‚
700 1336 856 1372 Aurelia
877 1336 1024 1372 vendat.

97 1386 248 1423 Virroni
269 1400 437 1424 muraena
457 1388 579 1435 datur,
600 1401 681 1437 quae
702 1389 868 1424 maxima
887 1388 989 1425 venit

96 1438 255 1488 Gurgite
275 1439 321 1476 de
342 1440 471 1477 Siculo
488 1453 495 1476 :
525 1453 626 1487 nam,
648 1441 737 1477 dum
758 1454 796 1477 se
817 1441 985 1478 continet
1005 1441 1158 1489 Auster,

97 1490 199 1528 Dum
219 1492 324 1528 sedet
343 1499 379 1528 et
398 1493 516 1530 siccat
535 1494 706 1530 madidas
727 1494 763 1530 in
785 1507 937 1531 carcere
957 1506 1114 1543 pennas,

97 1543 356 1581 Contemnunt
376 1546 538 1582 mediam
559 1547 756 1582 temeraria
785 1547 861 1582 lina
881 1546 1124 1594 Charybdim.

96 1595 174 1633 Vos
195 1597 363 1645 anguilla
382 1605 508 1634 manet
527 1598 648 1647 longae
669 1606 831 1647 cognata
850 1598 1026 1644 colubrae,

97 1648 176 1684 Aut
195 1649 317 1697 glacie
337 1650 535 1698 adspersus
555 1651 714 1687 maculis
736 1650 958 1696 Tiberinus,
978 1658 1015 1687 et
1035 1651 1113 1700 ipse

95 1700 263 1737 Vernula
283 1701 445 1749 riparum
465 1702 614 1751 pinguis
633 1710 794 1740 torrente
815 1704 958 1749 cloaca,

95 1751 145 1790 Et
164 1753 292 1790 solitus
312 1754 445 1790 mediae
466 1763 632 1803 cryptam
653 1763 850 1804 penetrare
872 1756 1043 1792 Suburae.

148 1805 224 1854 Ipsi
243 1818 364 1854 pauca
384 1807 507 1853 velim,
529 1808 678 1844 facilem
698 1808 728 1843 si
748 1808 912 1857 praebeat
932 1821 1071 1845 aurem.

94 1856 220 1894 Nemo
239 1859 343 1907 petit,
364 1859 521 1896 modicis
540 1873 621 1908 quae
642 1861 885 1897 mittebantur
905 1861 1036 1897 amicis

95 1910 131 1945 A
153 1910 317 1956 Seneca,
338 1924 419 1958 quae
440 1911 526 1949 Piso
546 1913 677 1958 bonus,
698 1925 780 1960 qua}
801 1912 911 1949 Cotta
930 1913 1071 1950 solebat

94 1961 263 2010 Largiri3
294 1975 454 2011 namque
475 1971 512 2000 et
531 1965 646 2000 titulis
666 1972 702 2000 et
723 1965 886 2001 fascibus
905 1965 993 2001 olim

95 2014 217 2064 Major
237 2015 442 2052 habebatur
463 2017 628 2053 donandi
649 2017 789 2065 gloria:
819 2017 938 2053 solum

94 2068 302 2113 poscimus,
323 2075 363 2104 ut
381 2081 509 2105 coenes
529 2069 695 2106 civiliter.
754 2069 840 2106 Hoc
861 2070 954 2116 face,
975 2077 1012 2106 et
1031 2078 1122 2118 esto,

94 2120 198 2166 Esto,
219 2126 260 2154 ut
279 2132 382 2157 nunc
402 2122 522 2167 multi,
543 2122 646 2157 dives
666 2122 746 2167 tibi,
767 2135 906 2170 pauper
927 2123 1068 2160 amicis.

148 2172 306 2209 Anseris
326 2181 411 2210 ante
432 2174 553 2222 ipsum
573 2174 701 2222 magni
718 2174 838 2222 jecur,
859 2175 1056 2212 anseribus
1073 2189 1140 2227 par

94 2226 233 2271 Altilis,
254 2231 291 2260 et
308 2224 391 2262 flavi
412 2226 549 2274 dignus
570 2227 665 2262 ferro
686 2226 870 2276 Meleagri

94 2278 231 2316 Fumat
252 2288 338 2324 aper
356 2290 363 2314 ;
392 2287 474 2327 post
494 2280 596 2316 hunc
615 2279 808 2315 tradentur
828 2279 972 2325 tubera,
993 2281 1023 2319 si
1043 2294 1106 2319 ver

93 2330 209 2367 Tunc
228 2329 311 2375 erit,
331 2338 367 2366 et
388 2331 526 2367 sacient
546 2338 673 2379 optata
693 2332 858 2368 tonitrua
877 2344 1006 2369 coenas

95 2382 268 2431 Majores.
326 2382 417 2420 Tibi
439 2383 534 2419 habe
556 2384 798 2428 frumentum,
821 2384 995 2420 Alledius
1015 2385 1147 2433 inquit,

93 2434 130 2471 Ο
149 2435 267 2482 Libye
285 2449 292 2481 ;
322 2435 495 2484 disjunge
516 2435 640 2481 boves,
661 2436 750 2471 dum
770 2436 902 2472 tubera
922 2437 1068 2473 mittas!

146 2488 377 2526 Struvtorem
397 2488 551 2534 interea,
574 2501 620 2525 ne
640 2500 712 2537 qua
732 2488 942 2539 indignatio
962 2490 1069 2538 desit,

1363 147 1413 185 21

1362 396 1415 433 80

1360 656 1413 694 85

1359 919 1411 956 90

1357 1181 1409 1218 95

1335 1443 1408 1480 100

1334 1705 1408 1743 105

1332 1969 1406 2006 110

1332 2207 1406 2267 ’115

1331 2490 1404 2528 120
