1596 2779
173 146 247 186 106
486 147 523 177 A.
550 146 697 177 PssRsn
722 144 882 177 FLAcffl
908 143 1070 176 SAT1RA
1095 144 1154 175 vi.

170 241 269 278 Ossa
288 241 441 278 inodora
461 240 576 285 dabit,
597 252 662 275 seu
683 240 822 288 spirent
842 240 1018 275 cinnama
1037 238 1202 283 surdum,
1422 235 1474 272 35

172 294 247 329 Seu
268 305 396 329 ceraso
415 300 575 340 peccent
594 292 717 337 casiae,
740 292 886 327 nescire
906 298 1066 338 paratus.

171 344 285 380 Tune
305 345 402 380 bona
423 343 620 380 incolumis
640 343 788 379 minuas
799 344 824 379 ’.θ’
882 342 930 378 Et
950 341 1098 378 Bestius
1118 347 1225 389 urget

171 395 354 432 Doctores
373 395 528 431 Graios:
559 399 567 414 ‘
586 394 646 431 Ita
665 395 716 439 fit,
736 402 929 449 postquam
949 405 1078 441 sapere
1094 392 1185 429 Urbi

171 448 269 484 Cum
289 447 415 496 pipere
434 454 471 483 et
490 445 620 494 palmis
640 447 739 482 venit
759 454 920 482 vestrum
942 446 1014 481 hoc
1034 444 1145 480 maris
1164 456 1319 492 expers:

172 498 379 535 Foenisecae
399 509 524 537 crasso
541 499 718 537 vitiarunt
738 497 903 545 unguine
923 497 1069 545 pultes)
1426 494 1477 530 40

172 550 267 587 Haec
287 551 413 587 cinere
435 550 585 586 ulterior
604 549 777 586 metuas'l
791 529 843 585 ¹3at
861 556 914 593 tu,
934 560 1039 585 meus
1059 548 1176 584 haeres

170 602 354 650 Quisquis
373 603 458 648 eris,
479 599 631 650 paulum
653 615 673 638 a
692 601 801 637 turba
821 598 1008 643 seductior
1029 600 1126 636 audi.

171 653 208 689 O
228 655 336 699 bone,
357 667 445 690 num
467 654 641 703 ignoras?
670 653 781 689 missa
800 659 856 688 est
875 665 895 687 a
915 651 1064 687 Caesare
1084 651 1209 687 laurus

173 705 365 754 Insignem
385 706 433 742 ob
452 706 597 741 cladem
616 706 815 741 Germanae
834 703 956 752 pubiS,
976 710 1014 739 et
1033 703 1105 739 aris

173 756 348 806 Frigidus
368 758 552 793 excutitur
572 757 668 793 cinis
685 769 692 792 ε
723 768 766 791 ac
783 755 858 803 jam
878 755 1044 803 postibus
1064 767 1178 800 arma,
1429 753 1479 788 45

173 808 259 844 Jam
280 809 495 857 chlamydes
516 819 660 857 regum,
677 808 753 856 jam
774 807 874 843 lutea
893 818 1059 854 gausapa
1078 806 1208 854 captiS,

172 859 400 918 Essedaque‚
422 860 666 918 ingentesque
681 860 778 895 locat
797 858 970 895 Caesonia
985 858 1153 894 Rhenos.

172 911 244 948 Dis
264 913 376 960 igitur
396 913 581 961 genioque
601 912 707 948 ducis
725 919 875 947 centum
897 910 1011 958 paria,
1031 910 1079 946 ob
1098 922 1156 946 res

172 963 336 1013 Egregie
357 972 493 1021 gestas,
515 965 663 1000 induco.
719 963 818 1001 Quis
838 962 962 997 vetat?
992 962 1100 997 aude

172 1016 256 1061 Vae,
277 1016 347 1051 nisi
367 1029 503 1052 connii
505 1029 569 1052 es
562 1017 568 1040 ¹
626 1015 762 1051 Oleum
780 1022 1044 1061 artocreasque
1063 1011 1208 1061 popello
1430 1011 1482 1048 50

173 1067 338 1116 Largior.
396 1068 457 1103 An
478 1066 680 1115 prohibes?
710 1066 770 1101 dic
791 1063 903 1101 clare.
959 1065 1047 1100 Non
1069 1065 1174 1110 adeo,
1191 1063 1314 1112 inquis

172 1118 377 1155 Exossatus
399 1132 486 1167 ager
502 1117 608 1167 juxta
629 1126 696 1155 est.
753 1118 851 1165 Age,
873 1117 903 1152 si
924 1115 1015 1152 mihi
1035 1116 1140 1152 nulla

174 1170 258 1206 Jam
281 1171 421 1218 reliqua
438 1183 484 1207 ex
503 1171 638 1216 amitis,
657 1169 835 1218 patruelis
855 1168 969 1214 nulla,
988 1168 1177 1217 proneptis

174 1222 288 1259 Nulla
310 1230 435 1259 manet
454 1223 586 1271 patrui,
609 1221 743 1258 sterilis
763 1228 960 1257 matertera
980 1220 1081 1264 vixit,

174 1274 305 1322 Deque
326 1275 406 1310 avia
426 1275 582 1310 nihilum
604 1281 771 1322 superest
789 1286 796 1316 3
827 1273 967 1308 accedo
989 1271 1161 1317 Bovillas,
1430 1271 1482 1307 55

174 1326 395 1373 Clivumque
416 1327 462 1362 ad
482 1325 589 1362 Virbi
608 1338 615 1361 :
643 1332 778 1374 praesto
796 1331 852 1360 est
871 1323 962 1360 mihi
984 1323 1135 1359 Manius
1149 1323 1285 1371 haeres-

175 1382 183 1398 ‘
207 1377 408 1426 Progenies
427 1379 567 1414 terrael'
597 1377 738 1416 Quaere
757 1389 803 1412 ex
824 1388 895 1421 me,
916 1376 997 1423 quis
1015 1375 1107 1411 mihi
1126 1382 1277 1422 quartus

176 1430 233 1466 Sit
251 1437 378 1478 pater:
409 1430 506 1465 haud
527 1427 711 1479 prompte,
732 1429 854 1465 dicam
875 1435 1011 1463 tamen.
1068 1426 1180 1462 Adde
1200 1426 1312 1463 etiam
1333 1438 1464 1472 unum,

175 1481 301 1518 Unum
321 1481 454 1517 etiam:
484 1488 590 1517 terrae
611 1488 667 1517 est
683 1493 757 1529 Jam
780 1479 903 1516 filius:
932 1487 969 1514 et
988 1478 1079 1514 mihi
1099 1478 1171 1514 ritu

175 1532 327 1569 Manius
347 1533 407 1569 hic
426 1534 574 1582 generis
593 1545 707 1581 prope
728 1532 843 1581 major
864 1530 1070 1567 avunculus
1089 1531 1174 1566 exit.
1437 1530 1487 1566 60

174 1585 255 1624 Qui
274 1585 371 1634 prior
391 1598 443 1630 es,
464 1597 530 1621 cur
551 1597 610 1621 me
631 1585 668 1620 in
689 1585 850 1620 decursu
871 1583 1041 1631 lampada
1060 1582 1208 1631 poscis'?

177 1638 268 1673 Sum
288 1637 355 1672 tibi
376 1636 612 1673 Mercurius:
641 1636 750 1672 venio
769 1636 862 1671 deus
883 1635 957 1670 huc
976 1647 1058 1683 ego,
1082 1641 1120 1669 ut
1140 1634 1200 1670 ille

176 1688 359 1737 Pingitur.
416 1689 478 1724 An
499 1689 654 1724 renuis?
685 1687 755 1723 vin'
779 1695 818 1723 tu
837 1687 1001 1735 gaudere
1021 1686 1187 1721 relictis?

177 1744 186 1761 ‘
208 1740 324 1776 Deest
343 1740 480 1787 aliquid
501 1752 669 1775 summae.
726 1738 850 1774 Minui
870 1738 960 1773 mihi
979 1750 986 1773 :
1017 1738 1081 1773 sed
1101 1737 1167 1773 tibi
1188 1743 1304 1773 totum
1325 1744 1393 1782 est,

175 1791 369 1839 Quicquid
392 1792 428 1827 id
448 1799 514 1827 est.
573 1791 645 1828 Ubi
666 1791 724 1836 sit,
748 1791 833 1839 fuge
853 1802 1032 1838 quaerere,
1052 1789 1149 1836 quod
1171 1788 1260 1824 mihi
1280 1788 1467 1836 quondam

177 1843 338 1892 Legarat
357 1843 502 1879 Tadius
519 1856 526 1879 :
556 1856 628 1879 nec
647 1843 746 1878 dicta
765 1854 901 1891 repone
921 1849 1074 1890 paterna
1091 1853 1098 1876 τ
1438 1840 1488 1875 66

178 1894 347 1932 Foeneris
367 1896 522 1931 accedat
541 1907 685 1931 merces
702 1907 709 1929 :
739 1894 827 1930 hinc
843 1893 964 1929 exime
981 1899 1161 1940 sumptus

179 1950 187 1966 ⁴
202 1947 308 1986 Quid
323 1947 504 1995 reliquum
522 1954 578 1983 est
592 1947 618 1982 ‘l’
666 1945 897 1994 Reliquum?
918 1956 1019 1980 nunc
1036 1956 1137 1980 nunc
1152 1941 1357 1992 impensius
1374 1955 1488 1992 unge,

178 1998 302 2047 Unge,
324 2011 429 2046 puer,
449 1999 588 2034 caules.
645 1997 742 2034 Mihi
765 1997 858 2033 festa
878 1996 963 2032 luce
982 2003 1159 2042 coquatur

179 2050 320 2096 Unica,
341 2057 378 2086 et
398 2050 483 2086 fissa
504 2050 687 2086 fumosum
707 2049 870 2097 sinciput
890 2049 1001 2084 aure?
1018 2046 1040 2068 *Β
1057 2047 1078 2067 *
1095 2047 1117 2068 *²
1133 2047 1154 2068 ²*
1173 2045 1195 2067 ⁴*
1435 2045 1487 2081 70

232 2102 366 2138 Vende
386 2103 548 2138 animam
568 2101 672 2138 lucro
692 2114 698 2136 :
728 2112 907 2146 mercare,
929 2107 1038 2147 atque
1058 2106 1192 2135 excute
1212 2098 1326 2135 solers

179 2153 304 2190 Omne
323 2154 419 2190 latus
439 2153 582 2199 mundi,
603 2166 650 2189 ne
670 2153 717 2189 sit
735 2152 965 2202 praestantior
985 2151 1075 2187 alter

181 2206 426 2254 Cappadocas
444 2205 564 2254 rigida
582 2205 742 2262 pingues
761 2203 942 2261 plausisse
961 2202 1116 2239 catasta.

181 2257 282 2294 Rem
303 2257 463 2305 duplica.
520 2256 634 2292 Feci:
660 2257 738 2305 jam
758 2255 903 2304 triplex,
920 2255 997 2303 J'am
1016 2254 1108 2290 mihi
1127 2251 1273 2301 quarto,

182 2308 267 2344 Jam
287 2309 413 2344 decies
432 2308 554 2345 redit
547 2321 584 2344 1n
605 2320 746 2365 rugam.
803 2307 1001 2355 Depunge,
1022 2306 1086 2342 ubi
1105 2306 1245 2352 sistam,

182 2359 375 2406 Inventus,
396 2360 616 2409 Chrysippe‚
636 2359 689 2396 tui
710 2359 831 2396 finitor
852 2359 984 2396 acervi.

1465 2303 1490 2339 (τι
