<?xml version="1.0" encoding="UTF-8"?>
<!DOCTYPE html PUBLIC "-//W3C//DTD XHTML 1.0 Transitional//EN"
    "http://www.w3.org/TR/xhtml1/DTD/xhtml1-transitional.dtd">
<html xmlns="http://www.w3.org/1999/xhtml" xml:lang="en" lang="en">
 <head>
  <title>
</title>
<meta http-equiv="Content-Type" content="text/html;charset=utf-8" />
  <meta name='ocr-system' content='tesseract 3.04.00' />
  <meta name='ocr-capabilities' content='ocr_page ocr_carea ocr_par ocr_line ocrx_word'/>
</head>
<body>
  <div class='ocr_page' id='page_1' title='image "./decimijuniijuven00juveuoft_0066.png"; bbox 0 0 1596 2779; ppageno 0'>
   <div class='ocr_carea' id='block_1_1' title="bbox 185 166 1072 207">
    <p class='ocr_par' dir='ltr' id='par_1_1' title="bbox 185 166 1072 207">
     <span class='ocr_line' id='line_1_1' title="bbox 185 166 1072 207; baseline -0.003 -9"><span class='ocrx_word' id='word_1_1' title='bbox 185 171 237 207; x_wconf 68' lang='grc'>58</span> <span class='ocrx_word' id='word_1_2' title='bbox 600 169 640 197; x_wconf 74' lang='lat'>1).</span> <span class='ocrx_word' id='word_1_3' title='bbox 665 167 789 197; x_wconf 67' lang='lat' dir='ltr'>JUNH</span> <span class='ocrx_word' id='word_1_4' title='bbox 815 166 1072 197; x_wconf 60' lang='lat' dir='ltr'>JUVENALiS</span> 
     </span>
    </p>
   </div>
   <div class='ocr_carea' id='block_1_2' title="bbox 185 261 1103 360">
    <p class='ocr_par' dir='ltr' id='par_1_2' title="bbox 185 261 1103 360">
     <span class='ocr_line' id='line_1_2' title="bbox 189 261 912 309; baseline -0.004 -11"><span class='ocrx_word' id='word_1_5' title='bbox 189 262 236 298; x_wconf 82' lang='lat' dir='ltr'>Ut</span> <span class='ocrx_word' id='word_1_6' title='bbox 255 262 434 309; x_wconf 80' lang='lat' dir='ltr'>captatori</span> <span class='ocrx_word' id='word_1_7' title='bbox 457 271 599 298; x_wconf 69' lang='lat' dir='ltr'>moveat</span> <span class='ocrx_word' id='word_1_8' title='bbox 620 261 765 296; x_wconf 51' lang='lat' dir='ltr'>fastidia</span> <span class='ocrx_word' id='word_1_9' title='bbox 785 261 912 296; x_wconf 60' lang='lat' dir='ltr'>Cosso.</span> 
     </span>
     <span class='ocr_line' id='line_1_3' title="bbox 185 310 1103 360; baseline -0.004 -10"><span class='ocrx_word' id='word_1_10' title='bbox 185 313 273 350; x_wconf 90' lang='lat' dir='ltr'>Non</span> <span class='ocrx_word' id='word_1_11' title='bbox 294 314 424 349; x_wconf 84' lang='lat' dir='ltr'>eadem</span> <span class='ocrx_word' id='word_1_12' title='bbox 447 314 519 349; x_wconf 82' lang='lat' dir='ltr'>viui</span> <span class='ocrx_word' id='word_1_13' title='bbox 541 322 648 360; x_wconf 71' lang='lat' dir='ltr'>utque</span> <span class='ocrx_word' id='word_1_14' title='bbox 671 313 757 358; x_wconf 81' lang='lat' dir='ltr'>cibi,</span> <span class='ocrx_word' id='word_1_15' title='bbox 779 319 948 360; x_wconf 82' lang='lat' dir='ltr'>torpente</span> <span class='ocrx_word' id='word_1_16' title='bbox 967 310 1103 359; x_wconf 85' lang='lat' dir='ltr'>palato,</span> 
     </span>
    </p>
   </div>
   <div class='ocr_carea' id='block_1_3' title="bbox 184 366 342 401">
    <p class='ocr_par' dir='ltr' id='par_1_3' title="bbox 184 366 342 401">
     <span class='ocr_line' id='line_1_4' title="bbox 184 366 342 401; baseline 0 0"><span class='ocrx_word' id='word_1_17' title='bbox 184 366 342 401; x_wconf 85' lang='lat' dir='ltr'>Gaudia.</span> 
     </span>
    </p>
   </div>
   <div class='ocr_carea' id='block_1_4' title="bbox 346 385 443 390">
    <p class='ocr_par' dir='ltr' id='par_1_4' title="bbox 346 385 443 390">
     <span class='ocr_line' id='line_1_5' title="bbox 346 385 443 390; baseline 0 0"><span class='ocrx_word' id='word_1_18' title='bbox 346 385 443 390; x_wconf 95' lang='lat' dir='ltr'> </span> 
     </span>
    </p>
   </div>
   <div class='ocr_carea' id='block_1_5' title="bbox 183 414 1283 1084">
    <p class='ocr_par' dir='ltr' id='par_1_5' title="bbox 183 414 1283 1084">
     <span class='ocr_line' id='line_1_6' title="bbox 450 414 1044 464; baseline -0.005 -12"><span class='ocrx_word' id='word_1_19' title='bbox 450 428 538 452; x_wconf 81' lang='lat' dir='ltr'>nam</span> <span class='ocrx_word' id='word_1_20' title='bbox 558 428 640 464; x_wconf 83' lang='lat' dir='ltr'>quae</span> <span class='ocrx_word' id='word_1_21' title='bbox 660 422 839 452; x_wconf 79' lang='lat' dir='ltr'>cantante</span> <span class='ocrx_word' id='word_1_22' title='bbox 860 414 1044 462; x_wconf 75' lang='lat' dir='ltr'>voluptas,</span> 
     </span>
     <span class='ocr_line' id='line_1_7' title="bbox 186 466 1111 512; baseline -0.005 -7"><span class='ocrx_word' id='word_1_23' title='bbox 186 469 242 505; x_wconf 90' lang='lat' dir='ltr'>Sit</span> <span class='ocrx_word' id='word_1_24' title='bbox 261 467 351 505; x_wconf 70' lang='lat' dir='ltr'>licet</span> <span class='ocrx_word' id='word_1_25' title='bbox 370 468 529 504; x_wconf 83' lang='lat' dir='ltr'>eximius</span> <span class='ocrx_word' id='word_1_26' title='bbox 545 467 784 512; x_wconf 57' lang='lat' dir='ltr'>estimandus,</span> <span class='ocrx_word' id='word_1_27' title='bbox 804 467 894 502; x_wconf 88' lang='lat' dir='ltr'>sitve</span> <span class='ocrx_word' id='word_1_28' title='bbox 917 466 1111 510; x_wconf 82' lang='lat' dir='ltr'>Seleucus,</span> 
     </span>
     <span class='ocr_line' id='line_1_8' title="bbox 190 517 1072 568; baseline -0.005 -12"><span class='ocrx_word' id='word_1_29' title='bbox 190 521 234 556; x_wconf 84' lang='lat' dir='ltr'>Et</span> <span class='ocrx_word' id='word_1_30' title='bbox 252 521 385 568; x_wconf 78' lang='lat' dir='ltr'>quibus</span> <span class='ocrx_word' id='word_1_31' title='bbox 406 520 534 555; x_wconf 73' lang='lat' dir='ltr'>aurata</span> <span class='ocrx_word' id='word_1_32' title='bbox 553 532 632 556; x_wconf 83' lang='lat' dir='ltr'>mos</span> <span class='ocrx_word' id='word_1_33' title='bbox 652 526 707 554; x_wconf 87' lang='lat' dir='ltr'>est</span> <span class='ocrx_word' id='word_1_34' title='bbox 726 518 866 566; x_wconf 85' lang='lat' dir='ltr'>fulgere</span> <span class='ocrx_word' id='word_1_35' title='bbox 888 517 1039 553; x_wconf 70' lang='lat' dir='ltr'>lacerna</span> <span class='ocrx_word' id='word_1_36' title='bbox 1059 518 1072 552; x_wconf 72' lang='lat' dir='ltr'>&#39;l</span> 
     </span>
     <span class='ocr_line' id='line_1_9' title="bbox 183 568 1106 619; baseline -0.005 -11"><span class='ocrx_word' id='word_1_37' title='bbox 183 572 290 611; x_wconf 76' lang='lat' dir='ltr'>Quid</span> <span class='ocrx_word' id='word_1_38' title='bbox 312 572 434 616; x_wconf 84' lang='lat' dir='ltr'><strong>refert,</strong></span> <span class='ocrx_word' id='word_1_39' title='bbox 455 572 579 619; x_wconf 86' lang='lat' dir='ltr'>magni</span> <span class='ocrx_word' id='word_1_40' title='bbox 600 571 728 606; x_wconf 82' lang='lat' dir='ltr'>sedeat</span> <span class='ocrx_word' id='word_1_41' title='bbox 746 570 819 617; x_wconf 66' lang='lat' dir='ltr'>qua</span> <span class='ocrx_word' id='word_1_42' title='bbox 838 576 940 617; x_wconf 87' lang='lat' dir='ltr'>parte</span> <span class='ocrx_word' id='word_1_43' title='bbox 959 568 1106 612; x_wconf 76' lang='lat' dir='ltr'><strong>theatri,</strong></span> 
     </span>
     <span class='ocr_line' id='line_1_10' title="bbox 184 621 1084 669; baseline -0.004 -10"><span class='ocrx_word' id='word_1_44' title='bbox 184 624 264 663; x_wconf 82' lang='lat' dir='ltr'>Qui</span> <span class='ocrx_word' id='word_1_45' title='bbox 285 623 344 659; x_wconf 77' lang='lat' dir='ltr'>vix</span> <span class='ocrx_word' id='word_1_46' title='bbox 364 623 573 659; x_wconf 81' lang='lat' dir='ltr'>cornicines</span> <span class='ocrx_word' id='word_1_47' title='bbox 592 622 766 659; x_wconf 85' lang='lat' dir='ltr'>exaudiat</span> <span class='ocrx_word' id='word_1_48' title='bbox 785 629 893 669; x_wconf 83' lang='lat' dir='ltr'>atque</span> <span class='ocrx_word' id='word_1_49' title='bbox 913 621 1084 656; x_wconf 87' lang='lat' dir='ltr'>tubarum</span> 
     </span>
     <span class='ocr_line' id='line_1_11' title="bbox 185 671 1171 723; baseline -0.005 -11"><span class='ocrx_word' id='word_1_50' title='bbox 185 676 433 712; x_wconf 68' lang='lat' dir='ltr'>Concentus?</span> <span class='ocrx_word' id='word_1_51' title='bbox 463 675 622 711; x_wconf 85' lang='lat' dir='ltr'>clamore</span> <span class='ocrx_word' id='word_1_52' title='bbox 642 687 734 723; x_wconf 89' lang='lat' dir='ltr'>opus</span> <span class='ocrx_word' id='word_1_53' title='bbox 753 680 821 719; x_wconf 85' lang='lat' dir='ltr'>est,</span> <span class='ocrx_word' id='word_1_54' title='bbox 844 681 883 709; x_wconf 82' lang='lat' dir='ltr'>ut</span> <span class='ocrx_word' id='word_1_55' title='bbox 903 673 1036 708; x_wconf 79' lang='lat' dir='ltr'>sentiat</span> <span class='ocrx_word' id='word_1_56' title='bbox 1056 671 1171 717; x_wconf 79' lang='lat' dir='ltr'>auris,</span> 
     </span>
     <span class='ocr_line' id='line_1_12' title="bbox 184 724 1132 775; baseline -0.004 -13"><span class='ocrx_word' id='word_1_57' title='bbox 184 727 311 766; x_wconf 82' lang='lat' dir='ltr'>Quem</span> <span class='ocrx_word' id='word_1_58' title='bbox 333 728 432 762; x_wconf 84' lang='lat' dir='ltr'>dicat</span> <span class='ocrx_word' id='word_1_59' title='bbox 452 727 595 762; x_wconf 75' lang='lat' dir='ltr'>venisse</span> <span class='ocrx_word' id='word_1_60' title='bbox 615 739 719 775; x_wconf 90' lang='lat' dir='ltr'>puer,</span> <span class='ocrx_word' id='word_1_61' title='bbox 739 732 826 773; x_wconf 85' lang='lat' dir='ltr'>quot</span> <span class='ocrx_word' id='word_1_62' title='bbox 846 724 993 761; x_wconf 84' lang='lat' dir='ltr'>nuntiet</span> <span class='ocrx_word' id='word_1_63' title='bbox 1014 724 1132 759; x_wconf 82' lang='lat' dir='ltr'>horas.</span> 
     </span>
     <span class='ocr_line' id='line_1_13' title="bbox 185 775 1146 826; baseline -0.004 -12"><span class='ocrx_word' id='word_1_64' title='bbox 185 779 368 815; x_wconf 79' lang='lat' dir='ltr'>Praeterea</span> <span class='ocrx_word' id='word_1_65' title='bbox 391 779 567 814; x_wconf 82' lang='lat' dir='ltr'>minimus</span> <span class='ocrx_word' id='word_1_66' title='bbox 586 778 709 826; x_wconf 83' lang='lat' dir='ltr'>gelido</span> <span class='ocrx_word' id='word_1_67' title='bbox 726 777 801 825; x_wconf 87' lang='lat' dir='ltr'>jam</span> <span class='ocrx_word' id='word_1_68' title='bbox 823 788 975 824; x_wconf 88' lang='lat' dir='ltr'>corpore</span> <span class='ocrx_word' id='word_1_69' title='bbox 995 775 1146 824; x_wconf 84' lang='lat' dir='ltr'>sanguis</span> 
     </span>
     <span class='ocr_line' id='line_1_14' title="bbox 185 827 1081 876; baseline -0.006 -9"><span class='ocrx_word' id='word_1_70' title='bbox 185 831 306 867; x_wconf 85' lang='lat' dir='ltr'>Febre</span> <span class='ocrx_word' id='word_1_71' title='bbox 327 830 422 866; x_wconf 85' lang='lat' dir='ltr'>calet</span> <span class='ocrx_word' id='word_1_72' title='bbox 442 831 519 866; x_wconf 71' lang='lat' dir='ltr'>sola</span> <span class='ocrx_word' id='word_1_73' title='bbox 538 843 545 873; x_wconf 82' lang='lat'><em>3</em></span> <span class='ocrx_word' id='word_1_74' title='bbox 576 829 794 865; x_wconf 77' lang='lat' dir='ltr'>circumsilit</span> <span class='ocrx_word' id='word_1_75' title='bbox 815 828 963 876; x_wconf 83' lang='lat' dir='ltr'>agmine</span> <span class='ocrx_word' id='word_1_76' title='bbox 984 827 1081 863; x_wconf 85' lang='lat' dir='ltr'>facto</span> 
     </span>
     <span class='ocr_line' id='line_1_15' title="bbox 186 879 1283 930; baseline -0.005 -11"><span class='ocrx_word' id='word_1_77' title='bbox 186 883 400 919; x_wconf 79' lang='lat' dir='ltr'>Morborum</span> <span class='ocrx_word' id='word_1_78' title='bbox 422 895 532 918; x_wconf 82' lang='lat' dir='ltr'>omne</span> <span class='ocrx_word' id='word_1_79' title='bbox 554 894 696 930; x_wconf 82' lang='lat' dir='ltr'>genus:</span> <span class='ocrx_word' id='word_1_80' title='bbox 725 893 882 929; x_wconf 86' lang='lat' dir='ltr'>quorum</span> <span class='ocrx_word' id='word_1_81' title='bbox 904 880 933 915; x_wconf 85' lang='lat' dir='ltr'>si</span> <span class='ocrx_word' id='word_1_82' title='bbox 954 879 1106 915; x_wconf 90' lang='lat' dir='ltr'>nomina</span> <span class='ocrx_word' id='word_1_83' title='bbox 1125 890 1283 926; x_wconf 83' lang='lat' dir='ltr'>quaeras‚</span> 
     </span>
     <span class='ocr_line' id='line_1_16' title="bbox 185 931 1275 982; baseline -0.005 -12"><span class='ocrx_word' id='word_1_84' title='bbox 185 932 397 982; x_wconf 71' lang='lat' dir='ltr'>Promptius</span> <span class='ocrx_word' id='word_1_85' title='bbox 418 934 626 982; x_wconf 76' lang='lat' dir='ltr'>expediam,</span> <span class='ocrx_word' id='word_1_86' title='bbox 646 940 732 980; x_wconf 88' lang='lat' dir='ltr'>quot</span> <span class='ocrx_word' id='word_1_87' title='bbox 753 932 930 968; x_wconf 85' lang='lat' dir='ltr'>amaverit</span> <span class='ocrx_word' id='word_1_88' title='bbox 950 931 1089 979; x_wconf 83' lang='lat' dir='ltr'>Hippia</span> <span class='ocrx_word' id='word_1_89' title='bbox 1109 931 1275 966; x_wconf 83' lang='lat' dir='ltr'>moechos</span> 
     </span>
     <span class='ocr_line' id='line_1_17' title="bbox 185 983 1164 1033; baseline -0.006 -10"><span class='ocrx_word' id='word_1_90' title='bbox 185 986 291 1024; x_wconf 80' lang='lat' dir='ltr'>Quot</span> <span class='ocrx_word' id='word_1_91' title='bbox 311 985 518 1021; x_wconf 83' lang='lat' dir='ltr'>Themison</span> <span class='ocrx_word' id='word_1_92' title='bbox 541 998 657 1033; x_wconf 69' lang='lat' dir='ltr'>aegros</span> <span class='ocrx_word' id='word_1_93' title='bbox 677 993 856 1020; x_wconf 84' lang='lat' dir='ltr'>autumno</span> <span class='ocrx_word' id='word_1_94' title='bbox 876 983 1055 1019; x_wconf 83' lang='lat' dir='ltr'>occiderit</span> <span class='ocrx_word' id='word_1_95' title='bbox 1076 995 1164 1027; x_wconf 90' lang='lat' dir='ltr'>uno,</span> 
     </span>
     <span class='ocr_line' id='line_1_18' title="bbox 185 1034 1231 1084; baseline -0.005 -10"><span class='ocrx_word' id='word_1_96' title='bbox 185 1037 292 1075; x_wconf 76' lang='lat' dir='ltr'>Quot</span> <span class='ocrx_word' id='word_1_97' title='bbox 312 1038 459 1073; x_wconf 76' lang='lat' dir='ltr'>Basilus</span> <span class='ocrx_word' id='word_1_98' title='bbox 479 1037 612 1082; x_wconf 77' lang='lat' dir='ltr'>socios,</span> <span class='ocrx_word' id='word_1_99' title='bbox 633 1044 720 1084; x_wconf 88' lang='lat' dir='ltr'>quot</span> <span class='ocrx_word' id='word_1_100' title='bbox 740 1035 1074 1083; x_wconf 76' lang='lat' dir='ltr'>circumscripserit</span> <span class='ocrx_word' id='word_1_101' title='bbox 1096 1034 1231 1070; x_wconf 88' lang='lat' dir='ltr'>Hirrus</span> 
     </span>
    </p>
   </div>
   <div class='ocr_carea' id='block_1_6' title="bbox 186 1088 376 1138">
    <p class='ocr_par' dir='ltr' id='par_1_6' title="bbox 186 1088 376 1138">
     <span class='ocr_line' id='line_1_19' title="bbox 186 1088 376 1138; baseline 0 -14"><span class='ocrx_word' id='word_1_102' title='bbox 186 1088 351 1138; x_wconf 87' lang='lat' dir='ltr'>Pupillos</span> <span class='ocrx_word' id='word_1_103' title='bbox 367 1102 376 1133; x_wconf 88' lang='lat'>;</span> 
     </span>
    </p>
   </div>
   <div class='ocr_carea' id='block_1_7' title="bbox 379 1110 482 1115">
    <p class='ocr_par' dir='ltr' id='par_1_7' title="bbox 379 1110 482 1115">
     <span class='ocr_line' id='line_1_20' title="bbox 379 1110 482 1115; baseline 0 0"><span class='ocrx_word' id='word_1_104' title='bbox 379 1110 482 1115; x_wconf 95' lang='lat' dir='ltr'> </span> 
     </span>
    </p>
   </div>
   <div class='ocr_carea' id='block_1_8' title="bbox 185 1138 1299 2535">
    <p class='ocr_par' dir='ltr' id='par_1_8' title="bbox 185 1138 1299 2535">
     <span class='ocr_line' id='line_1_21' title="bbox 495 1138 1188 1187; baseline -0.006 -11"><span class='ocrx_word' id='word_1_105' title='bbox 495 1139 620 1187; x_wconf 57' lang='lat' dir='ltr'>citum,</span> <span class='ocrx_word' id='word_1_106' title='bbox 639 1148 726 1187; x_wconf 87' lang='lat' dir='ltr'>quot</span> <span class='ocrx_word' id='word_1_107' title='bbox 746 1140 848 1175; x_wconf 74' lang='lat' dir='ltr'>villas</span> <span class='ocrx_word' id='word_1_108' title='bbox 867 1138 1053 1187; x_wconf 84' lang='lat' dir='ltr'>possideat</span> <span class='ocrx_word' id='word_1_109' title='bbox 1073 1150 1188 1183; x_wconf 82' lang='lat' dir='ltr'>nunc,</span> 
     </span>
     <span class='ocr_line' id='line_1_22' title="bbox 185 1190 1187 1240; baseline -0.005 -10"><span class='ocrx_word' id='word_1_110' title='bbox 185 1192 276 1231; x_wconf 79' lang='lat' dir='ltr'>Quo</span> <span class='ocrx_word' id='word_1_111' title='bbox 294 1193 474 1229; x_wconf 84' lang='lat' dir='ltr'>tondente</span> <span class='ocrx_word' id='word_1_112' title='bbox 494 1193 615 1240; x_wconf 79' lang='lat' dir='ltr'>gravis</span> <span class='ocrx_word' id='word_1_113' title='bbox 632 1192 759 1240; x_wconf 82' lang='lat' dir='ltr'>juveni</span> <span class='ocrx_word' id='word_1_114' title='bbox 779 1191 869 1227; x_wconf 90' lang='lat' dir='ltr'>mihi</span> <span class='ocrx_word' id='word_1_115' title='bbox 892 1191 1003 1226; x_wconf 86' lang='lat' dir='ltr'>barba</span> <span class='ocrx_word' id='word_1_116' title='bbox 1024 1190 1187 1225; x_wconf 84' lang='lat' dir='ltr'>sonabat.</span> 
     </span>
     <span class='ocr_line' id='line_1_23' title="bbox 186 1242 1201 1289; baseline -0.004 -9"><span class='ocrx_word' id='word_1_117' title='bbox 186 1243 255 1280; x_wconf 93' lang='lat' dir='ltr'>Ille</span> <span class='ocrx_word' id='word_1_118' title='bbox 275 1245 442 1289; x_wconf 87' lang='lat' dir='ltr'>humero,</span> <span class='ocrx_word' id='word_1_119' title='bbox 464 1245 524 1280; x_wconf 88' lang='lat' dir='ltr'>hic</span> <span class='ocrx_word' id='word_1_120' title='bbox 546 1244 694 1289; x_wconf 78' lang='lat' dir='ltr'>lumbis,</span> <span class='ocrx_word' id='word_1_121' title='bbox 715 1244 771 1278; x_wconf 87' lang='lat' dir='ltr'>his</span> <span class='ocrx_word' id='word_1_122' title='bbox 791 1243 883 1279; x_wconf 73' lang='lat' dir='ltr'>coxa</span> <span class='ocrx_word' id='word_1_123' title='bbox 904 1242 1050 1285; x_wconf 80' lang='lat' dir='ltr'>debilis,</span> <span class='ocrx_word' id='word_1_124' title='bbox 1072 1242 1201 1277; x_wconf 86' lang='lat' dir='ltr'>ambos</span> 
     </span>
     <span class='ocr_line' id='line_1_24' title="bbox 185 1293 1102 1341; baseline -0.003 -10"><span class='ocrx_word' id='word_1_125' title='bbox 185 1295 353 1331; x_wconf 88' lang='lat' dir='ltr'>Perdidit</span> <span class='ocrx_word' id='word_1_126' title='bbox 374 1296 433 1331; x_wconf 88' lang='lat' dir='ltr'>ille</span> <span class='ocrx_word' id='word_1_127' title='bbox 452 1296 592 1340; x_wconf 78' lang='lat' dir='ltr'>oculos,</span> <span class='ocrx_word' id='word_1_128' title='bbox 611 1303 646 1331; x_wconf 81' lang='lat' dir='ltr'>et</span> <span class='ocrx_word' id='word_1_129' title='bbox 667 1295 779 1331; x_wconf 81' lang='lat' dir='ltr'>luscis</span> <span class='ocrx_word' id='word_1_130' title='bbox 800 1295 939 1330; x_wconf 81' lang='lat' dir='ltr'>invidet</span> <span class='ocrx_word' id='word_1_131' title='bbox 957 1307 964 1329; x_wconf 91' lang='lat'>:</span> <span class='ocrx_word' id='word_1_132' title='bbox 994 1293 1102 1341; x_wconf 83' lang='lat' dir='ltr'>hujus</span> 
     </span>
     <span class='ocr_line' id='line_1_25' title="bbox 186 1345 1114 1394; baseline -0.002 -12"><span class='ocrx_word' id='word_1_133' title='bbox 186 1346 330 1383; x_wconf 83' lang='lat' dir='ltr'>Pallida</span> <span class='ocrx_word' id='word_1_134' title='bbox 349 1347 450 1383; x_wconf 87' lang='lat' dir='ltr'>labra</span> <span class='ocrx_word' id='word_1_135' title='bbox 470 1348 594 1383; x_wconf 86' lang='lat' dir='ltr'>ciburu</span> <span class='ocrx_word' id='word_1_136' title='bbox 616 1347 807 1394; x_wconf 84' lang='lat' dir='ltr'>accipiunt</span> <span class='ocrx_word' id='word_1_137' title='bbox 826 1345 952 1394; x_wconf 78' lang='lat' dir='ltr'>digitis</span> <span class='ocrx_word' id='word_1_138' title='bbox 972 1345 1114 1381; x_wconf 82' lang='lat' dir='ltr'>alienis.</span> 
     </span>
     <span class='ocr_line' id='line_1_26' title="bbox 186 1397 1090 1447; baseline -0.002 -13"><span class='ocrx_word' id='word_1_139' title='bbox 186 1398 272 1447; x_wconf 83' lang='lat' dir='ltr'>Ipse</span> <span class='ocrx_word' id='word_1_140' title='bbox 292 1399 337 1434; x_wconf 87' lang='lat' dir='ltr'>ad</span> <span class='ocrx_word' id='word_1_141' title='bbox 358 1406 599 1447; x_wconf 86' lang='lat' dir='ltr'>conspectum</span> <span class='ocrx_word' id='word_1_142' title='bbox 620 1411 737 1434; x_wconf 72' lang='lat' dir='ltr'>coenze</span> <span class='ocrx_word' id='word_1_143' title='bbox 758 1399 935 1434; x_wconf 84' lang='lat' dir='ltr'>diducere</span> <span class='ocrx_word' id='word_1_144' title='bbox 956 1397 1090 1433; x_wconf 77' lang='lat' dir='ltr'>rictum</span> 
     </span>
     <span class='ocr_line' id='line_1_27' title="bbox 187 1449 1288 1498; baseline -0.004 -11"><span class='ocrx_word' id='word_1_145' title='bbox 187 1452 338 1496; x_wconf 80' lang='lat' dir='ltr'>Suetus,</span> <span class='ocrx_word' id='word_1_146' title='bbox 359 1451 435 1487; x_wconf 81' lang='lat' dir='ltr'>hiat</span> <span class='ocrx_word' id='word_1_147' title='bbox 455 1449 614 1497; x_wconf 68' lang='lat' dir='ltr'>tantum,</span> <span class='ocrx_word' id='word_1_148' title='bbox 634 1463 704 1486; x_wconf 86' lang='lat' dir='ltr'>ceu</span> <span class='ocrx_word' id='word_1_149' title='bbox 724 1450 846 1498; x_wconf 75' lang='lat' dir='ltr'>pullus</span> <span class='ocrx_word' id='word_1_150' title='bbox 867 1449 1091 1494; x_wconf 84' lang='lat' dir='ltr'>hirundinis,</span> <span class='ocrx_word' id='word_1_151' title='bbox 1112 1449 1158 1484; x_wconf 85' lang='lat' dir='ltr'>ad</span> <span class='ocrx_word' id='word_1_152' title='bbox 1178 1460 1288 1496; x_wconf 90' lang='lat' dir='ltr'>quem</span> 
     </span>
     <span class='ocr_line' id='line_1_28' title="bbox 186 1502 1053 1551; baseline -0.002 -13"><span class='ocrx_word' id='word_1_153' title='bbox 186 1502 264 1538; x_wconf 88' lang='lat' dir='ltr'>Ore</span> <span class='ocrx_word' id='word_1_154' title='bbox 282 1503 376 1538; x_wconf 85' lang='lat' dir='ltr'>volat</span> <span class='ocrx_word' id='word_1_155' title='bbox 395 1503 506 1551; x_wconf 89' lang='lat' dir='ltr'>pleno</span> <span class='ocrx_word' id='word_1_156' title='bbox 527 1511 643 1539; x_wconf 82' lang='lat' dir='ltr'>mater</span> <span class='ocrx_word' id='word_1_157' title='bbox 661 1502 799 1550; x_wconf 75' lang='lat' dir='ltr'>jejuna.</span> <span class='ocrx_word' id='word_1_158' title='bbox 858 1502 931 1537; x_wconf 87' lang='lat' dir='ltr'>Sed</span> <span class='ocrx_word' id='word_1_159' title='bbox 952 1502 1053 1537; x_wconf 83' lang='lat' dir='ltr'>omni</span> 
     </span>
     <span class='ocr_line' id='line_1_29' title="bbox 187 1553 1150 1603; baseline -0.002 -13"><span class='ocrx_word' id='word_1_160' title='bbox 187 1553 442 1591; x_wconf 89' lang='lat' dir='ltr'>Membrorum</span> <span class='ocrx_word' id='word_1_161' title='bbox 463 1555 601 1591; x_wconf 85' lang='lat' dir='ltr'>damno</span> <span class='ocrx_word' id='word_1_162' title='bbox 621 1554 734 1603; x_wconf 80' lang='lat' dir='ltr'>major</span> <span class='ocrx_word' id='word_1_163' title='bbox 755 1554 956 1598; x_wconf 84' lang='lat' dir='ltr'>dementia,</span> <span class='ocrx_word' id='word_1_164' title='bbox 977 1566 1057 1601; x_wconf 69' lang='lat' dir='ltr'>qum</span> <span class='ocrx_word' id='word_1_165' title='bbox 1079 1565 1150 1588; x_wconf 89' lang='lat' dir='ltr'>nec</span> 
     </span>
     <span class='ocr_line' id='line_1_30' title="bbox 186 1604 1163 1653; baseline -0.002 -11"><span class='ocrx_word' id='word_1_166' title='bbox 186 1606 351 1643; x_wconf 82' lang='lat' dir='ltr'>Nomina</span> <span class='ocrx_word' id='word_1_167' title='bbox 371 1619 574 1652; x_wconf 82' lang='lat' dir='ltr'>servorum,</span> <span class='ocrx_word' id='word_1_168' title='bbox 595 1619 666 1643; x_wconf 90' lang='lat' dir='ltr'>nec</span> <span class='ocrx_word' id='word_1_169' title='bbox 687 1606 826 1641; x_wconf 84' lang='lat' dir='ltr'>vultum</span> <span class='ocrx_word' id='word_1_170' title='bbox 848 1606 1017 1653; x_wconf 64' lang='lat' dir='ltr'>agnoscit</span> <span class='ocrx_word' id='word_1_171' title='bbox 1037 1604 1163 1651; x_wconf 81' lang='lat' dir='ltr'>amici,</span> 
     </span>
     <span class='ocr_line' id='line_1_31' title="bbox 187 1657 1132 1707; baseline -0.001 -14"><span class='ocrx_word' id='word_1_172' title='bbox 187 1657 286 1693; x_wconf 85' lang='lat' dir='ltr'>Cum</span> <span class='ocrx_word' id='word_1_173' title='bbox 305 1671 377 1706; x_wconf 86' lang='lat' dir='ltr'>quo</span> <span class='ocrx_word' id='word_1_174' title='bbox 396 1658 584 1707; x_wconf 67' lang='lat' dir='ltr'>praeterita</span> <span class='ocrx_word' id='word_1_175' title='bbox 604 1659 764 1693; x_wconf 71' lang='lat' dir='ltr'>coenavit</span> <span class='ocrx_word' id='word_1_176' title='bbox 784 1665 892 1693; x_wconf 87' lang='lat' dir='ltr'>nocte</span> <span class='ocrx_word' id='word_1_177' title='bbox 910 1670 917 1701; x_wconf 90' lang='lat'>;</span> <span class='ocrx_word' id='word_1_178' title='bbox 947 1670 1017 1693; x_wconf 90' lang='lat' dir='ltr'>nec</span> <span class='ocrx_word' id='word_1_179' title='bbox 1038 1657 1132 1702; x_wconf 86' lang='lat' dir='ltr'>illos,</span> 
     </span>
     <span class='ocr_line' id='line_1_32' title="bbox 186 1709 1154 1757; baseline -0.002 -11"><span class='ocrx_word' id='word_1_180' title='bbox 186 1709 295 1748; x_wconf 80' lang='lat' dir='ltr'>Quos</span> <span class='ocrx_word' id='word_1_181' title='bbox 314 1711 458 1757; x_wconf 80' lang='lat' dir='ltr'>genuit,</span> <span class='ocrx_word' id='word_1_182' title='bbox 478 1723 568 1757; x_wconf 86' lang='lat' dir='ltr'>quos</span> <span class='ocrx_word' id='word_1_183' title='bbox 588 1710 725 1746; x_wconf 74' lang='lat' dir='ltr'>eduxit.</span> <span class='ocrx_word' id='word_1_184' title='bbox 783 1709 882 1744; x_wconf 86' lang='lat' dir='ltr'>Nam</span> <span class='ocrx_word' id='word_1_185' title='bbox 904 1709 1035 1744; x_wconf 86' lang='lat' dir='ltr'>codice</span> <span class='ocrx_word' id='word_1_186' title='bbox 1055 1721 1154 1744; x_wconf 81' lang='lat' dir='ltr'>saevo</span> 
     </span>
     <span class='ocr_line' id='line_1_33' title="bbox 187 1760 1127 1804; baseline -0.002 -7"><span class='ocrx_word' id='word_1_187' title='bbox 187 1761 370 1798; x_wconf 71' lang='lat' dir='ltr'>Hmredes</span> <span class='ocrx_word' id='word_1_188' title='bbox 390 1770 487 1798; x_wconf 84' lang='lat' dir='ltr'>vetat</span> <span class='ocrx_word' id='word_1_189' title='bbox 507 1775 588 1797; x_wconf 74' lang='lat' dir='ltr'>esse</span> <span class='ocrx_word' id='word_1_190' title='bbox 609 1774 715 1804; x_wconf 79' lang='lat' dir='ltr'>suos3</span> <span class='ocrx_word' id='word_1_191' title='bbox 746 1761 844 1796; x_wconf 86' lang='lat' dir='ltr'>bona</span> <span class='ocrx_word' id='word_1_192' title='bbox 864 1768 939 1796; x_wconf 83' lang='lat' dir='ltr'>tota</span> <span class='ocrx_word' id='word_1_193' title='bbox 960 1760 1127 1796; x_wconf 81' lang='lat' dir='ltr'>feruntur</span> 
     </span>
     <span class='ocr_line' id='line_1_34' title="bbox 187 1811 1178 1858; baseline -0.003 -8"><span class='ocrx_word' id='word_1_194' title='bbox 187 1814 249 1850; x_wconf 92' lang='lat' dir='ltr'>Ad</span> <span class='ocrx_word' id='word_1_195' title='bbox 270 1813 425 1850; x_wconf 85' lang='lat' dir='ltr'>Phialen</span> <span class='ocrx_word' id='word_1_196' title='bbox 444 1827 451 1849; x_wconf 75' lang='grc' dir='ltr'>ε</span> <span class='ocrx_word' id='word_1_197' title='bbox 480 1812 624 1850; x_wconf 68' lang='grc' dir='ltr'>ῐαῐιῐίιη]</span> <span class='ocrx_word' id='word_1_198' title='bbox 646 1813 797 1849; x_wconf 84' lang='lat' dir='ltr'>artificis</span> <span class='ocrx_word' id='word_1_199' title='bbox 819 1813 914 1848; x_wconf 84' lang='lat' dir='ltr'>valet</span> <span class='ocrx_word' id='word_1_200' title='bbox 934 1812 1069 1848; x_wconf 78' lang='lat' dir='ltr'>halitus</span> <span class='ocrx_word' id='word_1_201' title='bbox 1088 1811 1178 1858; x_wconf 84' lang='lat' dir='ltr'>oris,</span> 
     </span>
     <span class='ocr_line' id='line_1_35' title="bbox 185 1864 1162 1904; baseline -0.005 0"><span class='ocrx_word' id='word_1_202' title='bbox 185 1865 301 1904; x_wconf 78' lang='lat' dir='ltr'>Quod</span> <span class='ocrx_word' id='word_1_203' title='bbox 323 1873 474 1902; x_wconf 83' lang='lat' dir='ltr'>steterat</span> <span class='ocrx_word' id='word_1_204' title='bbox 495 1866 619 1901; x_wconf 77' lang='lat' dir='ltr'>inultis</span> <span class='ocrx_word' id='word_1_205' title='bbox 641 1865 677 1901; x_wconf 91' lang='lat' dir='ltr'>in</span> <span class='ocrx_word' id='word_1_206' title='bbox 699 1877 850 1900; x_wconf 87' lang='lat' dir='ltr'>carcere</span> <span class='ocrx_word' id='word_1_207' title='bbox 871 1864 1023 1900; x_wconf 80' lang='lat' dir='ltr'>fornicis</span> <span class='ocrx_word' id='word_1_208' title='bbox 1043 1864 1162 1900; x_wconf 87' lang='lat' dir='ltr'>annis.</span> 
     </span>
     <span class='ocr_line' id='line_1_36' title="bbox 186 1917 1183 1965; baseline -0.003 -12"><span class='ocrx_word' id='word_1_209' title='bbox 186 1917 237 1953; x_wconf 93' lang='lat' dir='ltr'>Ut</span> <span class='ocrx_word' id='word_1_210' title='bbox 255 1918 403 1965; x_wconf 83' lang='lat' dir='ltr'>vigeant</span> <span class='ocrx_word' id='word_1_211' title='bbox 423 1930 554 1953; x_wconf 76' lang='lat' dir='ltr'>sensus</span> <span class='ocrx_word' id='word_1_212' title='bbox 573 1917 702 1963; x_wconf 83' lang='lat' dir='ltr'>animi,</span> <span class='ocrx_word' id='word_1_213' title='bbox 723 1917 896 1952; x_wconf 83' lang='lat' dir='ltr'>ducenda</span> <span class='ocrx_word' id='word_1_214' title='bbox 916 1920 1038 1951; x_wconf 84' lang='lat' dir='ltr'>tamen</span> <span class='ocrx_word' id='word_1_215' title='bbox 1059 1923 1146 1951; x_wconf 86' lang='lat' dir='ltr'>sunt</span> <span class='ocrx_word' id='word_1_216' title='bbox 1178 1936 1183 1940; x_wconf 91' lang='lat'><strong>·</strong></span> 
     </span>
     <span class='ocr_line' id='line_1_37' title="bbox 187 1968 1108 2017; baseline -0.002 -13"><span class='ocrx_word' id='word_1_217' title='bbox 187 1969 337 2005; x_wconf 81' lang='lat' dir='ltr'>Funera</span> <span class='ocrx_word' id='word_1_218' title='bbox 357 1977 540 2015; x_wconf 83' lang='lat' dir='ltr'>natorum,</span> <span class='ocrx_word' id='word_1_219' title='bbox 561 1982 672 2017; x_wconf 80' lang='lat' dir='ltr'>rogus</span> <span class='ocrx_word' id='word_1_220' title='bbox 693 1968 957 2016; x_wconf 83' lang='lat' dir='ltr'>adspiciendus</span> <span class='ocrx_word' id='word_1_221' title='bbox 978 1975 1108 2003; x_wconf 61' lang='lat' dir='ltr'>amata}</span> 
     </span>
     <span class='ocr_line' id='line_1_38' title="bbox 187 2020 1128 2069; baseline -0.002 -13"><span class='ocrx_word' id='word_1_222' title='bbox 187 2021 369 2069; x_wconf 71' lang='lat' dir='ltr'>Conjugis</span> <span class='ocrx_word' id='word_1_223' title='bbox 388 2029 425 2057; x_wconf 88' lang='lat' dir='ltr'>et</span> <span class='ocrx_word' id='word_1_224' title='bbox 445 2022 579 2065; x_wconf 80' lang='lat' dir='ltr'>fratris,</span> <span class='ocrx_word' id='word_1_225' title='bbox 594 2021 788 2068; x_wconf 76' lang='lat' dir='ltr'>plenaeque</span> <span class='ocrx_word' id='word_1_226' title='bbox 808 2020 992 2056; x_wconf 84' lang='lat' dir='ltr'>sororibus</span> <span class='ocrx_word' id='word_1_227' title='bbox 1012 2031 1128 2054; x_wconf 81' lang='lat' dir='ltr'>urnae.</span> 
     </span>
     <span class='ocr_line' id='line_1_39' title="bbox 188 2070 1112 2120; baseline -0.002 -12"><span class='ocrx_word' id='word_1_228' title='bbox 188 2072 284 2108; x_wconf 77' lang='lat' dir='ltr'>Haec</span> <span class='ocrx_word' id='word_1_229' title='bbox 303 2074 388 2109; x_wconf 71' lang='lat' dir='ltr'>data</span> <span class='ocrx_word' id='word_1_230' title='bbox 408 2086 518 2120; x_wconf 81' lang='lat' dir='ltr'>poena</span> <span class='ocrx_word' id='word_1_231' title='bbox 538 2070 601 2108; x_wconf 68' lang='lat' dir='ltr'>diu</span> <span class='ocrx_word' id='word_1_232' title='bbox 624 2072 844 2117; x_wconf 80' lang='lat' dir='ltr'>viventibus,</span> <span class='ocrx_word' id='word_1_233' title='bbox 866 2079 918 2117; x_wconf 83' lang='lat' dir='ltr'>ut,</span> <span class='ocrx_word' id='word_1_234' title='bbox 938 2070 1112 2107; x_wconf 78' lang='lat' dir='ltr'>renovata</span> 
     </span>
     <span class='ocr_line' id='line_1_40' title="bbox 189 2123 1168 2173; baseline -0.002 -13"><span class='ocrx_word' id='word_1_235' title='bbox 189 2125 344 2173; x_wconf 86' lang='lat' dir='ltr'>Semper</span> <span class='ocrx_word' id='word_1_236' title='bbox 366 2125 472 2160; x_wconf 86' lang='lat' dir='ltr'>clade</span> <span class='ocrx_word' id='word_1_237' title='bbox 493 2124 636 2169; x_wconf 63' lang='lat' dir='ltr'>dom-sis,</span> <span class='ocrx_word' id='word_1_238' title='bbox 658 2124 782 2160; x_wconf 63' lang='lat' dir='ltr'>multis</span> <span class='ocrx_word' id='word_1_239' title='bbox 803 2124 838 2159; x_wconf 89' lang='lat' dir='ltr'>in</span> <span class='ocrx_word' id='word_1_240' title='bbox 861 2123 1035 2167; x_wconf 87' lang='lat' dir='ltr'>luctibus,</span> <span class='ocrx_word' id='word_1_241' title='bbox 1057 2123 1168 2169; x_wconf 86' lang='lat' dir='ltr'>inque</span> 
     </span>
     <span class='ocr_line' id='line_1_41' title="bbox 189 2175 1102 2224; baseline -0.003 -12"><span class='ocrx_word' id='word_1_242' title='bbox 189 2175 374 2224; x_wconf 88' lang='lat' dir='ltr'>Perpetuo</span> <span class='ocrx_word' id='word_1_243' title='bbox 395 2189 563 2221; x_wconf 81' lang='lat' dir='ltr'>moerore,</span> <span class='ocrx_word' id='word_1_244' title='bbox 583 2183 620 2211; x_wconf 89' lang='lat' dir='ltr'>et</span> <span class='ocrx_word' id='word_1_245' title='bbox 640 2176 747 2223; x_wconf 68' lang='lat' dir='ltr'>nigra</span> <span class='ocrx_word' id='word_1_246' title='bbox 768 2183 868 2211; x_wconf 84' lang='lat' dir='ltr'>veste</span> <span class='ocrx_word' id='word_1_247' title='bbox 894 2181 1102 2210; x_wconf 77' lang='lat' dir='ltr'>senescant.</span> 
     </span>
     <span class='ocr_line' id='line_1_42' title="bbox 189 2226 1205 2276; baseline -0.003 -12"><span class='ocrx_word' id='word_1_248' title='bbox 189 2227 277 2264; x_wconf 79' lang='lat' dir='ltr'>Rex</span> <span class='ocrx_word' id='word_1_249' title='bbox 297 2228 438 2276; x_wconf 77' lang='lat' dir='ltr'>Pylius,</span> <span class='ocrx_word' id='word_1_250' title='bbox 459 2240 594 2276; x_wconf 80' lang='lat' dir='ltr'>magno</span> <span class='ocrx_word' id='word_1_251' title='bbox 614 2227 644 2263; x_wconf 83' lang='lat' dir='ltr'>si</span> <span class='ocrx_word' id='word_1_252' title='bbox 664 2228 864 2275; x_wconf 81' lang='lat' dir='ltr'>quidquam</span> <span class='ocrx_word' id='word_1_253' title='bbox 882 2227 1003 2262; x_wconf 86' lang='lat' dir='ltr'>credis</span> <span class='ocrx_word' id='word_1_254' title='bbox 1025 2226 1205 2271; x_wconf 87' lang='lat' dir='ltr'>Homero,</span> 
     </span>
     <span class='ocr_line' id='line_1_43' title="bbox 189 2279 1021 2327; baseline -0.002 -12"><span class='ocrx_word' id='word_1_255' title='bbox 189 2279 412 2327; x_wconf 82' lang='lat' dir='ltr'>Exemplum</span> <span class='ocrx_word' id='word_1_256' title='bbox 435 2280 516 2315; x_wconf 76' lang='lat' dir='ltr'>vita:</span> <span class='ocrx_word' id='word_1_257' title='bbox 538 2279 606 2315; x_wconf 88' lang='lat' dir='ltr'>fuit</span> <span class='ocrx_word' id='word_1_258' title='bbox 625 2293 646 2315; x_wconf 87' lang='lat' dir='ltr'>a</span> <span class='ocrx_word' id='word_1_259' title='bbox 665 2279 816 2315; x_wconf 88' lang='lat' dir='ltr'>cornice</span> <span class='ocrx_word' id='word_1_260' title='bbox 831 2279 1021 2314; x_wconf 80' lang='lat' dir='ltr'>secundae.</span> 
     </span>
     <span class='ocr_line' id='line_1_44' title="bbox 190 2330 1075 2379; baseline -0.001 -13"><span class='ocrx_word' id='word_1_261' title='bbox 190 2330 298 2367; x_wconf 85' lang='lat' dir='ltr'>Felix</span> <span class='ocrx_word' id='word_1_262' title='bbox 319 2332 507 2377; x_wconf 85' lang='lat' dir='ltr'>nimirum,</span> <span class='ocrx_word' id='word_1_263' title='bbox 527 2331 588 2379; x_wconf 91' lang='lat' dir='ltr'>qui</span> <span class='ocrx_word' id='word_1_264' title='bbox 610 2339 662 2367; x_wconf 91' lang='lat' dir='ltr'>tot</span> <span class='ocrx_word' id='word_1_265' title='bbox 681 2344 744 2379; x_wconf 87' lang='lat' dir='ltr'>per</span> <span class='ocrx_word' id='word_1_266' title='bbox 764 2331 902 2367; x_wconf 79' lang='lat' dir='ltr'>saecula</span> <span class='ocrx_word' id='word_1_267' title='bbox 920 2337 1075 2366; x_wconf 84' lang='lat' dir='ltr'>mortem</span> 
     </span>
     <span class='ocr_line' id='line_1_45' title="bbox 190 2382 1192 2432; baseline -0.002 -13"><span class='ocrx_word' id='word_1_268' title='bbox 190 2383 356 2428; x_wconf 86' lang='lat' dir='ltr'>Distulit,</span> <span class='ocrx_word' id='word_1_269' title='bbox 378 2392 486 2431; x_wconf 84' lang='lat' dir='ltr'>atque</span> <span class='ocrx_word' id='word_1_270' title='bbox 507 2396 592 2419; x_wconf 83' lang='lat' dir='ltr'>suos</span> <span class='ocrx_word' id='word_1_271' title='bbox 607 2383 684 2432; x_wconf 89' lang='lat' dir='ltr'>jam</span> <span class='ocrx_word' id='word_1_272' title='bbox 705 2382 834 2418; x_wconf 67' lang='lat' dir='ltr'>dextra</span> <span class='ocrx_word' id='word_1_273' title='bbox 853 2390 1043 2431; x_wconf 80' lang='lat' dir='ltr'>computat</span> <span class='ocrx_word' id='word_1_274' title='bbox 1062 2394 1192 2427; x_wconf 85' lang='lat' dir='ltr'>annos,</span> 
     </span>
     <span class='ocr_line' id='line_1_46' title="bbox 190 2434 1299 2482; baseline 0.001 -13"><span class='ocrx_word' id='word_1_275' title='bbox 190 2434 345 2482; x_wconf 80' lang='lat' dir='ltr'>Quique</span> <span class='ocrx_word' id='word_1_276' title='bbox 366 2448 500 2471; x_wconf 85' lang='lat' dir='ltr'>novum</span> <span class='ocrx_word' id='word_1_277' title='bbox 521 2435 628 2471; x_wconf 87' lang='lat' dir='ltr'>toties</span> <span class='ocrx_word' id='word_1_278' title='bbox 648 2442 810 2470; x_wconf 83' lang='lat' dir='ltr'>mustum</span> <span class='ocrx_word' id='word_1_279' title='bbox 831 2434 934 2470; x_wconf 92' lang='lat' dir='ltr'>bibit.</span> <span class='ocrx_word' id='word_1_280' title='bbox 990 2434 1081 2479; x_wconf 93' lang='lat' dir='ltr'>Oro,</span> <span class='ocrx_word' id='word_1_281' title='bbox 1102 2445 1299 2482; x_wconf 87' lang='lat' dir='ltr'>parumper</span> 
     </span>
     <span class='ocr_line' id='line_1_47' title="bbox 192 2485 1112 2535; baseline 0 -13"><span class='ocrx_word' id='word_1_282' title='bbox 192 2486 390 2533; x_wconf 81' lang='lat' dir='ltr'>Attendas,</span> <span class='ocrx_word' id='word_1_283' title='bbox 410 2485 590 2535; x_wconf 73' lang='lat' dir='ltr'>quantum</span> <span class='ocrx_word' id='word_1_284' title='bbox 610 2487 655 2523; x_wconf 84' lang='lat' dir='ltr'>de</span> <span class='ocrx_word' id='word_1_285' title='bbox 676 2486 822 2535; x_wconf 82' lang='lat' dir='ltr'>legibus</span> <span class='ocrx_word' id='word_1_286' title='bbox 842 2486 920 2535; x_wconf 87' lang='lat' dir='ltr'>ipse</span> <span class='ocrx_word' id='word_1_287' title='bbox 939 2493 1112 2534; x_wconf 84' lang='lat' dir='ltr'>queratur</span> 
     </span>
    </p>
   </div>
   <div class='ocr_carea' id='block_1_9' title="bbox 1396 1170 1493 1225">
    <p class='ocr_par' dir='ltr' id='par_1_9' title="bbox 1396 1170 1493 1225">
     <span class='ocr_line' id='line_1_48' title="bbox 1396 1170 1493 1225; baseline -0.01 0"><span class='ocrx_word' id='word_1_288' title='bbox 1396 1170 1401 1176; x_wconf 86' lang='lat'>&#39;</span> <span class='ocrx_word' id='word_1_289' title='bbox 1415 1188 1493 1225; x_wconf 59' lang='grc' dir='ltr'>προ</span> 
     </span>
    </p>
   </div>
   <div class='ocr_carea' id='block_1_10' title="bbox 1413 1447 1491 1483">
    <p class='ocr_par' dir='ltr' id='par_1_10' title="bbox 1413 1447 1491 1483">
     <span class='ocr_line' id='line_1_49' title="bbox 1413 1447 1491 1483; baseline 0 0"><span class='ocrx_word' id='word_1_290' title='bbox 1413 1447 1491 1483; x_wconf 90' lang='grc'>225</span> 
     </span>
    </p>
   </div>
   <div class='ocr_carea' id='block_1_11' title="bbox 1415 1706 1494 1743">
    <p class='ocr_par' dir='ltr' id='par_1_11' title="bbox 1415 1706 1494 1743">
     <span class='ocr_line' id='line_1_50' title="bbox 1415 1706 1494 1743; baseline 0 0"><span class='ocrx_word' id='word_1_291' title='bbox 1415 1706 1494 1743; x_wconf 88' lang='grc'>230</span> 
     </span>
    </p>
   </div>
   <div class='ocr_carea' id='block_1_12' title="bbox 1415 1965 1494 2003">
    <p class='ocr_par' dir='ltr' id='par_1_12' title="bbox 1415 1965 1494 2003">
     <span class='ocr_line' id='line_1_51' title="bbox 1415 1965 1494 2003; baseline -0.025 0"><span class='ocrx_word' id='word_1_292' title='bbox 1415 1965 1494 2003; x_wconf 81' lang='grc'>235</span> 
     </span>
    </p>
   </div>
   <div class='ocr_carea' id='block_1_13' title="bbox 1416 2483 1495 2520">
    <p class='ocr_par' dir='ltr' id='par_1_13' title="bbox 1416 2483 1495 2520">
     <span class='ocr_line' id='line_1_52' title="bbox 1416 2483 1495 2520; baseline -0.013 0"><span class='ocrx_word' id='word_1_293' title='bbox 1416 2483 1495 2520; x_wconf 88' lang='grc'>245</span> 
     </span>
    </p>
   </div>
  </div>
 </body>
</html>
