1596 2779
647 115 809 149 ‘simiis-2³2
836 115 894 150 t‘lx

116 208 287 261 Cumque
306 208 488 261 paludatis
507 213 678 258 ducibus,
698 221 878 261 praesente
899 214 1041 259 marito,

116 261 203 313 Ipsa
222 265 319 313 loqui
339 266 442 301 recta
463 264 557 300 facie
578 265 785 312 strictisque
809 265 992 300 mamillis.

118 316 213 353 Haec
232 318 364 352 eadem
385 316 500 360 novit,
521 316 608 363 quid
629 323 704 352 toto
725 317 786 352 fiat
807 316 844 351 in
864 317 974 360 orbeg

115 365 220 406 Quid
242 365 365 413 Seres,
385 367 472 415 quid
493 367 663 403 Thraces
683 376 819 415 agant:
850 376 994 404 secreta
1016 377 1186 404 novercae

116 418 164 456 Et
182 421 286 468 pueri
303 432 309 455 :
338 419 420 467 quis
439 426 550 463 amet,
569 418 651 467 quis
670 419 862 467 diripiatur
883 420 1090 455 adulter.—

117 470 325 508 Instantem
345 471 423 519 regi
442 471 624 506 Armenio
645 470 853 518 Parthoque
879 480 1051 507 cometen

116 522 240 559 Prima
260 523 377 566 vidct3
410 522 544 558 famam
563 534 802 570 rumoresque
822 522 883 558 illa
910 530 1079 558 recentes

115 572 265 623 Excipit
284 575 330 610 ad
350 581 494 622 portas:
523 574 702 621 quosdam
723 574 820 609 facit.
878 573 956 609 Isse
978 574 1182 623 Niphatem

116 624 161 662 In
181 626 349 675 popu105‚
370 637 579 674 magnoque
600 623 676 660 illio
697 633 834 661 cuncta
853 638 939 661 arva
957 627 1077 662 teneri

115 676 278 724 Diluvio,
299 685 429 714 nutare
450 677 572 722 urbes,
598 675 790 712 subsidere
811 684 940 722 terras,

113 729 355 777 Quocunque
375 729 412 765 in
432 728 551 774 trivio,
571 730 782 776 cuicunque
802 736 857 764 est
876 730 998 775 obvia,
1020 737 1155 766 narrat,

167 781 252 818 Nec
271 789 397 818 tamen
418 781 454 817 id
476 781 605 817 vitium
625 779 744 828 magis
764 780 1006 827 intolerabile,
1027 780 1140 829 quam
1159 781 1259 830 quod

115 831 272 869 Vicinos
292 833 451 869 humiles
470 842 598 880 rapere
619 840 655 868 et
675 831 874 868 concidere
894 833 981 869 loris

114 880 277 921 Exorata
296 884 398 921 solet.
456 883 554 919 Nam
571 884 601 919 si
621 883 812 919 latratibus
832 883 894 920 ulti

114 936 357 985 Rumpuntur
377 936 496 972 somni
514 947 521 979 3
553 934 688 971 Fustes
709 936 782 971 huc
801 934 919 981 οοίῐιε,
942 935 1072 984 inquit.

114 989 271 1034 Afferte‚
292 996 400 1036 atque
422 988 494 1024 illis
513 986 706 1023 dominum
724 986 830 1035 jubet
850 986 936 1024 ante
961 989 1074 1035 feriri,

114 1039 262 1090 Deinde
278 1052 421 1076 canem.
477 1040 608 1077 Gravis
627 1052 801 1084 occursu,
822 1040 1009 1077 teterrima
1030 1042 1144 1088 vultu,

113 1088 255 1129 Balnea
274 1100 383 1129 nocte
403 1092 502 1128 subit
519 1106 527 1137 3
555 1093 718 1128 conchas
738 1100 774 1127 et
794 1100 914 1128 castra
935 1094 1072 1130 moveri

113 1143 236 1181 Nocte
253 1144 379 1193 jubet3
410 1156 545 1193 magno
563 1144 701 1192 gaudet
722 1144 855 1180 sudare
876 1145 1049 1191 tumultu,

111 1195 243 1235 Quum
263 1196 396 1232 lassata
410 1196 512 1244 gravi
532 1195 749 1232 ceciderunt
771 1193 922 1232 brachia
942 1194 1130 1234 massa.—

113 1246 290 1285 Convivae
307 1248 432 1284 miseri
453 1248 594 1284 interea
613 1261 815 1296 somnoque
837 1248 1006 1296 fameque

112 1299 338 1350 Urguentur.
395 1300 571 1337 Tandem
592 1300 652 1337 illa
672 1301 772 1336 venit
791 1301 1051 1347 rubicundula,
1072 1310 1190 1340 totum

109 1352 376 1403 OEnophorum
395 1353 537 1400 sitiens,
553 1353 663 1403 plena
683 1353 779 1402 quod
799 1353 963 1390 tenditur
981 1355 1074 1392 urna

112 1406 317 1443 Admotum
338 1406 508 1455 pedibus,
529 1407 575 1442 de
595 1419 667 1454 quo
687 1406 867 1442 sextarius
888 1407 978 1444 alter

111 1458 273 1496 Ducitur
293 1466 377 1495 ante
398 1459 537 1504 cibum,
558 1459 725 1495 rabidam
748 1459 911 1495 facturus
930 1461 1083 1496 orexim.

112 1510 213 1547 Dum
234 1511 330 1547 redit
349 1518 385 1547 et
404 1511 479 1547 loto
498 1518 634 1547 terram
655 1511 738 1547 ferit
754 1511 944 1555 intestino,

112 1561 364 1600 Marmoribus
383 1562 449 1598 rivi
469 1571 681 1611 properant,
703 1570 765 1599 aut
785 1563 858 1599 lata
878 1563 1083 1600 Falernum

109 1613 231 1651 Pelvis
249 1615 346 1653 olet:
376 1616 463 1652 nam
483 1614 550 1660 sic,
570 1623 745 1663 tanquam
766 1615 838 1651 alta
854 1615 891 1651 in
913 1616 1009 1652 dolia
1030 1617 1162 1665 longus

109 1665 304 1704 Deciderit
323 1679 487 1715 serpens,
510 1667 602 1703 bibit
621 1674 657 1703 et
678 1667 799 1703 vomit.
857 1666 958 1716 Ergo
981 1669 1135 1705 maritus

109 1717 290 1765 Nauseat,
311 1726 420 1766 atque
439 1718 557 1754 oculis
578 1719 689 1755 bilem
709 1719 930 1768 substringit
948 1721 1097 1768 opertis.

160 1770 231 1807 Illa
250 1778 376 1807 tamen
396 1770 553 1819 gravior,
573 1770 669 1819 qua&
686 1783 798 1819 quum
820 1771 1056 1809 discumbere
1077 1781 1203 1823 coepit,

108 1821 255 1859 Laudat
274 1822 488 1872 Virgilium,
508 1823 680 1871 periturae
698 1823 859 1872 ignoscit
879 1823 1023 1870 Elissae,

107 1874 318 1912 Committit
337 1882 437 1911 vates
456 1882 492 1911 et
511 1884 699 1923 comparat
716 1888 723 1920 ;
755 1875 841 1912 inde
862 1875 1071 1923 Maronem,

109 1928 232 1975 Atque
253 1928 324 1964 alia
340 1933 442 1974 parte
462 1926 500 1962 in
520 1927 661 1963 trutina
682 1927 875 1976 suspendit
894 1927 1113 1966 Homerum.

108 1979 260 2016 Cedunt
278 1979 524 2028 grammatici,
546 1979 745 2015 vincuntur
765 1980 943 2026 rhetores,
962 1981 1085 2017 omnis

108 2030 240 2069 Turba
260 2038 380 2074 tacet;
410 2043 480 2066 nec
500 2031 727 2077 causidicus,
748 2044 818 2067 nec
839 2044 963 2081 praeco
982 2033 1164 2081 loquatur,

109 2083 239 2121 Altera
259 2096 329 2120 nec
350 2083 503 2127 mulier3
534 2083 728 2119 verborum
748 2091 850 2120 tanta
871 2083 969 2120 cadi*
991 2084 1057 2132 ris,

107 2135 184 2172 Tot
203 2135 339 2184 pariter
360 2135 496 2184 pelves,
517 2142 570 2171 tot
589 2135 843 2172 tintinnabula
861 2136 965 2173 dicas

108 2187 262 2225 Pulsari.
320 2187 407 2223 Jam
427 2199 537 2223 nemo
557 2188 678 2233 tubas,
699 2200 810 2224 nemo
830 2200 905 2224 aera
925 2188 1075 2238 fatiget:

108 2240 192 2277 Una
211 2239 392 2276 laboranti
412 2240 545 2287 poterit
564 2252 783 2276 succurrere
803 2240 912 2277 lunae.

158 2292 323 2340 Imponit
344 2291 456 2328 finem
475 2292 623 2340 sapiens
643 2300 679 2328 et
700 2292 809 2328 rebus
829 2293 1005 2330 honestis.

108 2343 207 2383 Nam
226 2356 308 2392 quae
328 2343 438 2380 docta
457 2343 567 2380 nimis
587 2344 691 2392 cupit
709 2351 745 2380 et
766 2344 926 2381 facunda
947 2346 1075 2393 videri,

107 2396 227 2433 Crure
246 2404 355 2432 tenus
375 2395 498 2431 medio
519 2396 666 2432 tunicas
687 2396 907 2445 succingere
928 2398 1051 2445 debet,

107 2448 264 2486 Caedere
284 2448 434 2484 Silvano
453 2460 629 2497 porcum,.
642 2448 847 2497 quadrante
866 2449 988 2486 lavari.

1369 120 1411 160 31

1338 265 1418 302 290

1340 524 1418 561 295

1341 782 1417 819 300

1339 1042 1416 1080 305

1340 1305 1416 1342 310

1338 1567 1415 1604 315

1336 1827 1413 1864 320

1331 2349 1409 2386 330
