1596 2779
615 140 779 174 SATIRA
810 140 888 174 XV.
1349 143 1400 183 85

92 231 272 274 Fortunae
293 233 433 273 invidia
453 244 508 272 est
529 237 782 285 bellorumque
803 237 944 283 ultima,
966 249 1074 273 casus
1350 238 1400 273 95

92 287 272 333 Extremi,
292 289 414 337 longae
436 289 515 324 dira
534 288 738 325 obsidionis
757 297 914 336 egestas.

91 340 216 389 Hujus
236 341 351 385 enim,
371 341 469 388 quod
491 353 592 376 nunc
613 340 747 388 agitur,
769 339 980 377 miserabile
1001 339 1112 376 debet

90 391 312 441 Exemplum
332 405 413 428 esse
434 392 528 428 cibi:
558 390 654 427 sicut
674 391 785 429 modo
806 393 905 429 dicta
924 393 1014 429 mihi
1033 405 1127 441 gens

91 443 180 480 Post
197 455 327 480 omnes
347 444 491 488 herbas,
511 453 592 491 post
612 453 750 481 cuncta
770 441 956 489 animalia,
976 444 1155 493 quidquid

90 495 260 544 Cogebat
280 495 386 532 vacui
407 496 544 531 ventris
564 495 676 541 furor,
699 496 866 532 hostibus
886 497 974 545 ipsis
1329 496 1400 534 100

91 547 285 592 Pallorem,
307 560 350 583 ac
371 547 541 592 maciem,
563 555 600 584 et
619 556 750 584 tenues
771 548 1035 584 miserantibus
1054 556 1167 595 artus,

94 598 263 636 Membra
283 599 405 635 aliena
425 600 521 635 fame
542 599 768 645 lacerabant,
790 613 872 636 esse
891 600 1008 648 parati

95 649 139 687 Et
158 663 235 687 sua.
290 651 480 690 Quisnam
502 651 694 687 hominum
716 652 860 688 veniam
881 653 982 697 dare,
1003 651 1131 700 quisve
1152 652 1306 688 deorum

96 700 245 739 Viribus
266 702 437 739 abnuerit
459 701 541 738 dira
560 710 669 750 atque
690 704 870 740 immania
888 704 1019 752 passis,

96 754 140 791 Et
159 755 294 802 quibus
315 755 460 791 illorum
482 763 652 802 poterant
673 755 868 803 ignoscere
893 768 1034 801 manes,
1328 756 1400 792 105

90 806 264 845 Quorum
285 807 501 854 corporibus
521 807 765 843 vescebantur
782 809 795 843 Ἰ
851 806 990 844 Melius
1009 820 1078 844 nos

91 857 262 894 Zenonis
281 866 468 906 praecepta
487 866 641 894 monent
659 872 665 894 :
695 872 766 895 nec
785 859 887 895 enim
905 860 1045 905 onmia,
1065 859 1236 906 quaedam

91 909 163 946 Pro
183 910 256 946 vita
278 909 451 946 facienda
469 917 584 958 putat.
641 911 716 946 Sed
734 911 923 946 Cantaber
944 911 1044 947 unde

91 962 254 1006 Stoicus,
278 962 419 1009 antiqui
438 962 641 1010 praesertim
663 969 770 998 aetate
792 962 966 999 Metelli?

91 1013 206 1050 Nunc
226 1020 323 1049 totus
341 1013 473 1049 Graias
494 1022 710 1061 nostrasque
731 1014 843 1050 habet
862 1015 962 1051 orbis
983 1015 1164 1051 Athenas.
1332 1016 1401 1052 110

90 1064 214 1101 Gallia
233 1065 443 1101 causidicos
464 1065 592 1102 docuit
612 1066 774 1102 facunda
794 1066 1015 1103 Britannos:

91 1116 150 1152 De
170 1117 419 1153 conducendo
437 1117 598 1164 loquitur
614 1117 692 1165 jam
712 1119 857 1154 rhetore
878 1118 1014 1154 Thule.

92 1168 238 1204 Nobilis
254 1168 315 1204 ille
336 1176 460 1204 tamen
482 1169 651 1217 populus,
671 1182 781 1217 quem
802 1170 985 1213 diximus3
1016 1178 1053 1206 et
1072 1183 1138 1219 par

90 1220 237 1256 Virtute
259 1228 367 1267 atque
388 1220 473 1266 fide,
494 1221 558 1256 sed
579 1221 694 1270 major
714 1222 820 1258 clade
842 1222 1034 1270 Saguntus

90 1272 187 1308 Tale
206 1272 293 1320 quid
314 1269 489 1308 excussus
535 1271 711 1309 Maeotide
731 1274 860 1310 soevior
881 1274 944 1310 ara
1328 1275 1401 1312 115

91 1323 286 1372 sEgyptus.
342 1323 497 1372 Quippe
517 1324 580 1360 illa
599 1325 751 1361 nefandi
774 1325 943 1362 Taurica
962 1326 1058 1362 sacri

91 1375 283 1412 Inventrix
304 1376 474 1412 homines
496 1374 554 1425 (ut
569 1376 662 1424 jam,
683 1389 765 1424 quae
786 1378 953 1414 carmina
971 1379 1136 1425 tradunt,

91 1427 224 1475 Digna
237 1427 308 1464 fide
329 1428 477 1477 credas)
493 1428 640 1465 tantum
662 1429 840 1475 immolat,
859 1429 1014 1466 ulterius
1034 1430 1086 1466 nil

93 1479 171 1515 Aut
190 1479 338 1527 gravius
358 1479 478 1516 cultro
498 1480 603 1516 timet
624 1481 754 1517 hostia.
810 1481 891 1520 Qui
912 1481 1023 1518 modo
1044 1494 1153 1519 casus

92 1530 244 1579 Impulit
265 1532 331 1568 hos
344 1532 358 1567 ’ἶ
386 1543 468 1579 quae
489 1539 592 1568 tanta
612 1533 740 1577 fames,
761 1533 968 1581 infestaque
989 1534 1084 1570 vallo
1326 1535 1399 1571 120

93 1584 208 1619 Arma
228 1587 436 1631 coegerunt
456 1591 531 1619 tam
552 1584 771 1621 detestabile
792 1594 998 1621 monstrum

91 1635 274 1671 Audere‘?
304 1636 418 1671 Anne
438 1635 561 1680 aliam,
582 1636 680 1672 terra
701 1636 950 1685 Memphitide
970 1638 1086 1684 sicca,

91 1685 274 1722 Invidiam
297 1687 460 1723 facerent
479 1687 620 1723 nolenti
640 1701 791 1737 surgere
812 1689 930 1725 Nilo?

89 1738 181 1777 Qua
201 1751 273 1774 nec
292 1739 474 1775 terribiles
493 1738 651 1782 Cimbri,
672 1753 744 1776 nec
764 1740 938 1778 Britones
958 1753 1137 1789 unquam,

91 1790 366 1826 Sauromataeve
387 1798 523 1835 truces,
545 1799 608 1828 aut
627 1792 809 1828 immanes
830 1794 1045 1841 Agathyrsi,
1327 1794 1400 1831 125

91 1841 178 1878 Hac
198 1842 301 1878 saevit
320 1842 422 1878 rabie
442 1842 592 1878 imbelle
611 1851 649 1879 et
665 1844 797 1880 inutile
818 1845 962 1893 vulgus,

90 1894 246 1930 Parvula
267 1894 443 1930 fictilibus
463 1894 610 1930 solitum
631 1895 719 1931 dare
740 1896 820 1932 vela
838 1897 1013 1944 phaselis,

90 1945 139 1982 Et
160 1946 331 1981 brevibus
351 1946 459 1994 pictae
480 1946 591 1982 remis
612 1947 828 1984 incumbere
848 1956 962 1984 testas.

89 1996 174 2033 Nec
195 2010 341 2046 poenam
362 1998 522 2033 sceleri
514 1999 693 2044 invenies,
714 2012 785 2035 nec
806 2000 919 2048 digna
938 2000 1085 2049 parabis

90 2049 281 2098 Supplicia
302 2050 358 2086 his
377 2050 534 2098 populis,
556 2050 592 2086 in
612 2063 770 2098 quorum
791 2060 916 2088 mente
936 2065 1044 2101 pares
1064 2060 1151 2090 sunt
1326 2055 1399 2092 130

89 2101 138 2137 Et
152 2101 322 2137 similes
315 2114 367 2138 ira
388 2110 498 2149 atque
521 2102 649 2138 fames.
708 2102 932 2140 Mollissima
952 2105 1066 2141 corda

89 2152 270 2189 Humano
290 2154 420 2201 generi
441 2154 529 2189 dare
550 2166 589 2189 se
610 2162 743 2191 natura
764 2155 910 2202 fatetur,

87 2204 163 2244 Qu·
157 2218 187 2240 e
207 2205 388 2252 lacrymas
407 2205 530 2241 dedit:
562 2206 642 2242 haeo
662 2208 776 2243 nostri
796 2220 880 2256 pars
898 2208 1038 2256 optima
1058 2221 1202 2245 sensus.

88 2256 237 2294 Plorare
253 2254 343 2305 ergo
359 2256 466 2305 jubet
486 2269 615 2293 casum
636 2258 796 2307 lugentis
817 2260 940 2306 amici,

88 2308 378 2356 Squaloremque
399 2308 465 2354 rei,
484 2309 666 2366 pupillum
686 2311 760 2346 ad
748 2324 831 2369 Jura
850 2320 1045 2349 vocantem
1323 2314 1395 2351 135

87 2360 475 2409 Circumscriptorem‚
495 2361 603 2410 cujus
623 2363 813 2400 manantia
833 2363 921 2400 fletu

80 2411 165 2450 Ora
184 2412 368 2461 puellares
391 2412 532 2449 faciunt
553 2413 698 2450 incerta
717 2415 854 2464 capilli.

86 2463 271 2500 Naturae'
263 2464 418 2513 imperio
437 2464 635 2512 gemimus,
655 2478 769 2514 quum
791 2467 902 2504 funus
922 2467 1058 2504 adultae

451 2516 475 2552 8
