1596 2779
679 137 842 168 SATIRA
867 136 928 167 111.

151 231 307 282 (Omnis
317 231 418 268 enim
429 231 567 280 populo
578 231 787 268 mercedem
808 232 972 279 pendere
988 231 1091 279 jussa
1109 237 1166 267 est

150 285 286 329 Arbor,
306 292 343 320 et
362 284 491 331 ejectis
511 284 701 319 mendicat
720 284 808 319 silva
830 282 1040 332 Camoenis)

151 336 196 372 In
218 336 351 372 vallem
372 335 519 383 Egeriae
539 335 817 379 descendimus,
838 342 875 370 et
891 335 1089 382 speluncas

150 387 362 424 Dissimiles
382 388 487 423 veris.
542 385 700 425 Quanto
722 387 956 435 praestantius
975 394 1073 423 esset

151 439 305 476 Numen
326 452 442 487 aqum,
462 439 568 474 viridi
589 439 619 474 si
639 439 806 486 margine
828 438 1020 474 clauderet
1049 438 1169 474 undas

152 491 294 537 Herba,
317 504 387 526 nec
406 491 611 538 ingenuum
633 490 812 526 violarent
831 503 1015 526 marmora
1033 491 1188 538 tophum
1206 490 1219 524 ἲ

152 543 229 580 Hic
248 552 338 579 tunc
359 542 585 587 Umbricius,
607 541 775 580 Quando
795 542 947 587 artibus,
970 542 1100 589 inquit,
1122 540 1288 577 honestis

151 595 289 631 Nullus
310 595 347 630 in
370 594 468 630 Urbe
489 594 605 639 locus,
627 594 728 629 nulla
748 593 1001 629 emolumenta
1020 594 1202 638 laborum,

151 647 231 683 Res
252 647 361 683 hodie
383 646 502 681 minor
521 654 589 690 est,
611 644 698 681 here
719 644 831 693 quam
853 646 933 690 fuit,
954 653 1063 692 atque
1084 645 1217 681 eadem
1237 657 1319 680 cras

151 698 306 735 Deteret
326 698 471 746 exiguis
491 698 628 744 aliquid
649 710 656 732 ε
686 697 928 746 proponimus
948 696 1037 733 illuc

151 750 226 796 Ire,
247 751 419 799 fatigatas
439 749 503 784 ubi
524 749 702 784 Daedalus
721 749 823 785 exuit
843 749 932 794 alas,

152 802 251 838 Dum
274 816 367 839 nova
387 802 558 844 canities,
580 801 669 836 dum
690 802 808 849 prima
827 808 864 836 et
884 807 986 837 recta
1005 808 1192 846 senectuS‚

151 854 251 890 Dum
272 861 439 902 superest
459 853 632 897 Lachesi,
653 853 749 900 quod
770 860 950 900 torqueat,
971 860 1008 888 et
1026 853 1184 901 pedibus
1204 864 1263 888 me

150 906 262 942 Porto
282 906 388 950 meis,
411 905 512 940 nullo
532 905 700 940 dextram
722 905 906 940 subeunte
928 904 1074 941 bacillo.

150 958 341 994 Cedamus
360 956 499 1006 patriai:
529 956 652 992 vivant
671 956 843 992 Artorius
863 955 946 991 istic

150 1010 199 1046 Et
218 1010 397 1046 Catulus:
428 1016 616 1053 maneant,
635 1008 697 1055 qui
719 1008 866 1056 nigrum
888 1007 926 1043 in
947 1009 1108 1044 candida
1138 1014 1298 1054 vertunt,

149 1062 250 1102 Quis
271 1062 379 1098 facile
399 1069 455 1097 est
471 1061 589 1096 aedem
610 1060 837 1105 conducere,
859 1059 1026 1106 flumina,
1047 1068 1187 1109 portus,

151 1115 377 1150 Siccandam
398 1113 570 1157 eluviem,
590 1112 813 1160 portandum
835 1112 881 1147 ad
903 1112 1009 1148 busta
1029 1113 1201 1158 cadaver,

151 1166 200 1202 Et
219 1166 382 1214 praebere
403 1171 515 1212 caput
533 1164 685 1200 domina
706 1164 834 1200 venale
855 1163 923 1198 sub
945 1164 1061 1200 hasta.

148 1217 353 1257 Quondam
374 1216 411 1253 hi
433 1216 655 1262 cornicines,
675 1222 712 1259 et
731 1215 969 1263 municipalis
988 1228 1110 1252 arenae

149 1269 323 1318 Perpetui
343 1269 511 1313 comites,
531 1276 701 1315 notaeque
721 1280 785 1315 per
804 1267 941 1315 oppida
961 1267 1103 1314 buccae,

150 1321 312 1358 Munera
331 1333 434 1357 nunc
453 1320 582 1366 edunt,
599 1327 637 1356 et
656 1332 761 1355 verso
780 1319 916 1367 pollice
937 1319 1036 1368 vulgi

148 1373 278 1413 Quem
295 1373 385 1410 libet
403 1372 583 1409 occidunt
600 1371 824 1420 populariter
840 1384 846 1406 :
877 1371 964 1407 inde
985 1371 1121 1408 reversi

149 1426 379 1463 Conducunt
399 1424 555 1467 foricas;
594 1429 633 1459 et
660 1435 728 1459 cur
755 1435 830 1459 non
850 1423 1003 1459 omnia?
1030 1435 1148 1472 quum
1168 1422 1254 1469 sint,

147 1477 294 1518 Quales
313 1490 357 1513 ex
379 1476 509 1513 humili
529 1488 665 1523 magna
684 1475 730 1511 ad
752 1475 897 1523 fastigia
916 1488 1040 1511 rerum

149 1529 316 1575 Extollit,
336 1528 480 1577 quoties
499 1527 614 1564 voluit
635 1526 801 1563 Fortuna
816 1527 944 1575 jocari.

147 1581 255 1622 Quid
275 1582 409 1618 Romae
430 1580 591 1616 faciam?
621 1579 768 1614 mentiri
791 1580 942 1615 nescio:
971 1579 1119 1625 librum,

150 1635 191 1671 Si
212 1634 329 1670 malus
349 1639 416 1678 est,
437 1644 582 1679 nequeo
600 1631 751 1666 laudare
771 1638 808 1666 et
827 1643 1002 1679 poscere:
1033 1638 1155 1667 motus

149 1687 346 1723 Astrorum
368 1685 498 1733 ignoro
520 1697 526 1719 :
558 1683 669 1718 funus
689 1683 902 1731 promittere
922 1683 1035 1730 patris

149 1738 234 1775 Nec
255 1737 348 1782 volo,
370 1749 440 1772 nec
459 1747 632 1784 possum:
662 1747 837 1771 ranarum
857 1735 998 1771 viscera
1018 1747 1210 1781 nunquam

149 1789 312 1839 Inspexi.
370 1788 484 1824 Ferre
504 1788 550 1823 ad
570 1795 738 1835 nuptam,
757 1799 839 1835 quae
857 1787 966 1823 mittit
984 1787 1140 1832 adulter,

148 1843 248 1882 Quae
270 1841 432 1886 mandat,
453 1839 592 1875 norunt
619 1839 704 1876 alii:
742 1851 801 1874 me
828 1851 939 1875 nemo
961 1838 1130 1874 ministro

148 1894 226 1931 Fur
245 1894 326 1939 erit,
349 1901 457 1940 atque
479 1892 562 1928 ideo
582 1891 673 1927 nulli
693 1904 819 1927 comes
839 1904 944 1936 exeo,
965 1898 1140 1939 tanquam

149 1946 324 1991 Mancus,
344 1953 381 1981 et
399 1944 592 1980 exstinctae
612 1955 747 1991 corpus
767 1956 841 1978 non
861 1943 950 1978 utile
971 1942 1120 1978 dextrae.

147 1999 248 2038 Quis
269 2010 371 2034 nunc
391 1995 571 2044 diligitur,
592 1995 663 2030 nisi
683 1995 872 2040 conscius,
893 2002 929 2030 et.
948 1994 1009 2029 cui
1031 1994 1175 2030 fervens

151 2051 299 2087 AEstuat
318 2048 477 2085 occultis
497 2048 657 2092 animus,
678 2059 896 2095 semperque
917 2046 1116 2082 tacendis?

149 2103 214 2140 Nil
234 2102 301 2139 tibi
321 2114 360 2137 se
380 2100 515 2136 debere
536 2106 651 2147 putat,
672 2098 724 2134 nil
740 2099 908 2135 conferet
927 2110 1106 2146 unquam,

150 2154 376 2203 Participem
397 2153 460 2200 qui
481 2159 517 2188 te
537 2151 670 2187 secreti
692 2151 780 2186 fecit
800 2151 957 2187 honesti.

152 2207 275 2243 Carus
295 2205 365 2242 erit
384 2204 506 2250 Verri,
526 2203 588 2251 qui
609 2203 764 2239 Verrem
783 2210 962 2252 ternpore,
983 2215 1055 2250 quo
1074 2201 1165 2248 vult,

151 2259 346 2296 Accusare
367 2263 497 2305 potest.
554 2255 670 2291 Tanti
691 2254 758 2290 tibi
776 2267 849 2290 non
871 2255 916 2290 sit
931 2254 1037 2302 opaci

149 2311 285 2348 Omnis
305 2321 419 2346 arena
437 2307 550 2356 Tagi,
570 2307 741 2355 quodque
762 2307 799 2342 in
822 2319 922 2342 mare
942 2306 1097 2342 volvitur
1113 2317 1258 2350 aurum,

150 2363 200 2400 Ut
219 2374 350 2399 somno
370 2373 511 2406 careas,
531 2359 778 2408 ponendaque
798 2359 951 2407 praemia
971 2370 1096 2393 sumas

150 2414 300 2459 Tristis,
321 2420 357 2449 et
377 2426 398 2448 a
418 2424 554 2460 magno
573 2423 719 2458 semper
740 2411 906 2446 timearis
926 2410 1058 2446 amico.

201 2467 301 2507 Quae
321 2477 422 2502 nunc
438 2464 616 2500 divitibus
637 2475 730 2512 gens
750 2462 1013 2512 acceptissima
1034 2461 1181 2509 nostris,

1407 231 1455 267 15

1403 489 1456 525 20

1405 1006 1458 1045 30

1404 1267 1456 1304 35

1402 1526 1456 1562 40
