1596 2779
623 134 783 164 SA‘riRA
810 134 852 164 X.

97 226 228 266 Quum
249 227 395 264 Gaetula
414 227 548 263 ducem
568 235 730 276 portaret
750 228 871 264 bellua
891 228 1057 264 luscum!

99 278 232 315 Exitus
251 277 341 327 ergo
361 280 443 326 quis
459 287 511 315 est
526 281 540 315 ’ἲ
569 280 604 314 O
624 280 760 327 gloria!
792 280 951 315 vincitur
971 280 1069 315 idem

99 330 258 379 Nempe,
279 339 315 367 et
335 331 372 366 in
392 331 561 366 exsilium
582 343 747 378 praeceps
769 331 873 378 sugit,
895 337 1004 379 atque
1025 331 1075 366 ibi
1095 343 1253 379 magnus

98 381 366 430 Mirandusque
386 382 503 418 cliens
524 381 628 418 sedet
647 382 692 417 ad
709 383 878 430 praetoria
898 383 1007 431 regis,

98 432 229 470 Donec
250 434 409 481 Bithyno
429 433 542 469 libeat
563 433 713 481 vigilare
735 441 901 481 tyranno.

97 484 230 521 Finem
251 486 397 530 animae,
417 497 498 532 quae
520 498 577 521 res
597 486 779 521 humanas
799 485 947 521 miscuit
965 485 1067 531 olim,

96 535 185 572 Non
204 537 330 585 gladii,
351 550 424 573 non
445 549 533 572 saxa
552 537 706 582 dabunt,
729 550 799 573 nec
819 538 912 581 tela;
942 537 1007 573 sed
1028 537 1088 573 ille

96 588 311 624 Cannarum
334 589 480 633 vindex,
504 600 548 624 ac
568 588 659 624 tanti
680 589 874 637 sanguinis
894 589 1002 634 ultor,

96 640 281 676 Annulus.
339 639 369 685 I,
391 640 558 684 demens,
579 647 616 675 et
635 652 706 675 saev
711 654 750 676 as
770 653 877 676 curre
896 654 961 689 per
982 640 1111 688 Alpes,

94 690 143 727 Ut
163 693 286 740 pueris
306 692 467 740 placeas,
488 699 525 727 et
544 691 766 728 declamatio
786 692 872 728 fias!

94 743 200 779 Unus
221 732 383 779 Pellaeo
372 744 500 791 juveni
521 756 595 779 non
616 744 751 780 sufficit
769 745 893 780 orbis:

95 795 245 831 AEstuat
265 795 394 831 infelix
414 803 572 843 angusto
591 795 708 831 limite
728 796 872 841 mundi,

93 846 142 883 Ut
161 847 294 894 Gyarae
314 828 485 882 claususO
483 847 656 894 scopulis,
677 848 862 895 parvaque
884 846 1053 895 Seripho.

91 898 224 937 Quum
245 907 369 934 tamen
391 911 411 933 a
433 898 552 946 figulis
573 899 754 934 munitam
776 899 964 934 intraverit
991 899 1133 944 urbem,

93 949 331 999 Sarcopliago
351 957 548 986 contentus
568 950 647 986 erit.
705 950 807 986 Mors
827 950 903 986 sola
923 950 1067 995 fatetur,

90 1001 288 1040 Quantula
308 1002 382 1037 sint
402 1002 595 1037 hominum
612 1002 842 1050 corpuscula.
902 1002 1076 1037 Creditur
1095 1001 1184 1037 olim

92 1053 312 1089 velificatus
333 1054 466 1098 Athos,
487 1061 524 1089 et
543 1053 720 1101 quidquid
741 1054 889 1090 Graecia
910 1053 1071 1089 mendax

92 1106 220 1141 Audet
239 1106 276 1141 in
297 1105 449 1141 historia
467 1118 473 1140 :
503 1113 731 1141 constratum
751 1106 931 1141 classibus
951 1105 1084 1150 isdem,

93 1157 408 1205 Suppositumquc
429 1156 517 1192 rotis
538 1157 695 1192 solidum
716 1170 818 1193 mare
836 1171 843 1193 ;
874 1157 1060 1193 credimus
1081 1156 1173 1192 altos

92 1207 288 1244 Defecisse
309 1220 451 1251 amneS,
472 1215 653 1256 epotaque
674 1207 829 1244 flumina
850 1208 964 1244 Medo

92 1259 320 1305 Prandente,
341 1267 378 1295 et
399 1259 557 1295 madidis
577 1267 704 1295 cantat
729 1272 810 1307 quae
833 1260 1021 1295 Sostratus
1041 1259 1119 1295 alis.

92 1310 161 1348 Ille
183 1319 308 1347 tamen
328 1311 448 1358 qualis
471 1311 580 1346 rediit
601 1311 790 1347 Salamine
807 1311 949 1357 relicta,

91 1361 137 1399 In
158 1363 297 1399 Corum
318 1370 425 1409 atque
442 1362 585 1398 Eurum
605 1363 734 1398 solitus
754 1363 881 1399 szevire
901 1362 1055 1411 flagellis

95 1414 292 1459 Barbarus,
314 1414 438 1450 AEolio
458 1427 650 1462 nunquam
672 1415 742 1450 hoc
762 1414 800 1450 in
821 1427 970 1450 carcere
991 1427 1132 1462 paSSOS,

92 1465 221 1514 Ipsum
240 1466 485 1514 compedibus
503 1467 566 1513 qui
587 1467 753 1502 vinxerat
774 1466 1041 1515 Ennosigaeum
1057 1467 1071 1502 Τ

92 1517 223 1554 Mitius
243 1517 279 1554 id
300 1517 404 1562 sane,
424 1516 525 1565 quod
545 1531 620 1554 non
640 1525 676 1553 et
695 1519 867 1566 stigmate
889 1519 1044 1567 dignum

92 1569 271 1606 Credidit.
330 1569 432 1605 Huic
451 1570 644 1617 quisquam
666 1570 775 1606 vellet
795 1570 930 1605 servire
951 1570 1133 1605 deorum?

93 1622 168 1657 Sed
187 1622 305 1669 qualis
325 1621 459 1664 rediit?
488 1634 622 1669 nempe
644 1623 718 1657 una
738 1634 844 1667 nave,
866 1622 1030 1657 cruentis

93 1672 302 1717 Fluctibus,
323 1686 366 1708 ac
386 1673 491 1709 tarda
511 1686 574 1721 per
596 1674 713 1709 densa
732 1674 914 1709 cadavera
932 1673 1052 1721 prora.

93 1724 175 1761 Has
195 1726 302 1761 toties
321 1731 446 1772 optata
464 1725 590 1772 exegit
609 1725 726 1773 gloria
746 1738 885 1774 poenas.

144 1776 204 1813 Da
222 1777 380 1825 spatium
401 1776 496 1821 vitre,
517 1777 651 1812 multos
671 1777 730 1822 da,
752 1777 909 1825 Jupiter,
930 1777 1068 1813 annos!

96 1828 178 1865 Hoc
198 1836 300 1865 recto
320 1828 421 1864 vultu
442 1828 576 1874 solum,
599 1829 668 1864 hoc
688 1836 724 1864 et
743 1829 902 1877 pallidus
922 1836 1037 1877 optas.

93 1880 169 1916 Sed
188 1879 301 1928 quam
320 1880 509 1916 continuis
528 1888 565 1915 et
583 1881 730 1927 quantis
750 1880 860 1928 longa
880 1888 1055 1916 senectus

93 1932 211 1967 Plena
226 1932 357 1967 malis?
387 1931 601 1967 Deformem
622 1938 659 1966 et
678 1939 813 1967 tetrum
833 1939 918 1968 ante
937 1933 1065 1968 omnia
1083 1931 1238 1978 vultum,

93 1982 396 2030 Dissimilemque
417 1983 487 2027 sui,
508 1982 712 2018 deformem
733 1996 797 2032 pro
817 1991 902 2019 cute
923 1983 1070 2032 pellem,

94 2034 379 2082 Pendentesque
398 2046 527 2082 genas,
547 2042 583 2069 et
602 2034 704 2070 tales·
715 2035 865 2083 adspice
886 2048 1010 2084 rugaS‚

92 2086 251 2131 Quales,
273 2085 490 2122 umbriferos
511 2086 573 2121 ubi
593 2087 723 2134 pandit
743 2086 918 2123 Tabraca
937 2088 1063 2134 saltus,

95 2137 140 2174 In
160 2138 282 2174 vetula
301 2137 433 2185 scalpit
448 2137 524 2185 jam
545 2145 661 2174 mater
680 2138 788 2174 simia
807 2139 938 2175 bucca.

95 2189 258 2226 Plurima
278 2196 364 2225 sunt
379 2189 558 2237 juvenum
579 2190 794 2226 discrimina
811 2204 818 2226 :
834 2191 1036 2239 .pulchrior
1056 2193 1116 2229 ille

97 2241 194 2287 Hoc,
214 2249 322 2289 atque
343 2241 402 2277 ille
422 2241 514 2285 ali03
545 2240 702 2278 multum
723 2243 783 2278 hic
804 2243 985 2280 robustior
1005 2244 1079 2280 illo.

96 2293 180 2330 Una
200 2306 331 2329 senum
352 2293 478 2339 facies,
498 2306 583 2329 cum
605 2306 693 2330 voce
714 2295 910 2331 trementia
930 2297 1097 2332 membra

97 2344 146 2381 Et
160 2345 236 2393 jam
256 2345 336 2381 leve
356 2352 478 2393 caput,
499 2345 712 2393 madidique
735 2346 891 2383 infantia
910 2348 1002 2384 nasi.

98 2396 346 2445 Frangendus
366 2396 500 2433 misero
519 2397 673 2445 gingiva
694 2398 801 2446 panis
822 2398 957 2434 inermi
977 2412 984 2435 z

98 2447 221 2497 Usque
242 2447 335 2485 adeo
355 2449 475 2498 gravis
496 2449 611 2495 uxori,
633 2450 812 2498 natisque,
834 2451 988 2500 sibique,

1348 139 1400 175 57

1325 333 1397 368 160

1324 590 1397 625 165

1323 848 1397 883 170

1324 1105 1396 1140 175

1323 1363 1396 1399 180

1322 1622 1395 1658 185

1322 1881 1395 1917 190

1322 2141 1396 2177 195

1319 2399 1397 2437 200
