1596 2779
173 187 224 225 38
587 189 628 220 Ι).
654 190 779 222 JUMi
805 190 1062 223 Je'erixLis

172 280 388 329 Componis,
409 282 506 318 dona
526 281 698 329 Veneris,
720 284 940 330 The-lesum,
963 284 1114 329 marit03

172 333 252 368 Aut
271 333 417 378 claude,
438 342 473 369 et
493 335 629 381 positos
651 336 751 371 tinea
771 338 953 384 pertunde
974 337 1128 373 libellos.

172 381 322 431 Frange
343 385 453 420 miser
473 386 648 432 calamos,
670 388 891 436 vigilataque
911 388 1040 436 proelia
1059 389 1156 433 dele,

170 434 250 474 Qui
273 436 363 471 facis
383 436 420 472 in
441 438 550 484 parva
571 438 744 475 sublimia
764 440 929 475 carmina
950 439 1060 486 cella,

171 486 220 523 Ut
239 487 375 535 dignus
397 500 524 524 vemas
546 489 704 536 hederis,
725 498 761 527 et
782 491 944 539 imagine
966 491 1102 528 macra.

172 538 266 586 Spes
287 539 390 576 nulla
409 539 581 576 ulterior:
612 542 743 578 didicit
759 542 836 590 jam
857 543 960 578 dives
981 556 1112 579 avarus¹

170 589 340 627 Tantum
361 591 547 638 admirari,
560 592 705 630 tantem
727 594 877 630 laudare
893 595 1062 640 disertos,

171 641 220 678 Ut
240 642 344 690 pueri
365 642 528 679 Junonis
549 657 664 680 avem.
723 647 798 682 Sed
819 646 949 682 defluit
970 654 1058 682 aetas

171 693 220 729 Et
239 694 360 742 pelagi
382 695 539 742 patiens,
559 705 594 733 et
616 697 786 742 cassidis,
808 706 917 745 atque
937 698 1082 746 ligonis.

171 745 306 781 Taedia
327 753 417 782 tunc
437 747 600 784 subeunt
621 749 778 795 animos,
798 757 890 785 tunc
905 762 1018 797 seque
1039 761 1218 798 suamque

171 796 449 845 Terpsichoren
469 799 546 835 odit
567 800 728 836 facunda
747 808 783 837 et
803 802 904 838 nuda
924 808 1108 837 senectus.

224 850 370 898 Accipe
389 863 492 886 nunc
513 859 621 898 artes,
643 865 690 888 ne
710 853 797 900 quid
818 853 883 889 tibi
905 853 1071 890 conferat
1091 853 1172 899 iste,

171 902 300 940 Quem
321 902 424 947 colis,
445 910 482 938 et
503 903 695 940 Musarum
717 912 753 940 et
774 905 960 953 Apollinis
981 905 1059 941 aede
1079 905 1221 941 relicta.

172 952 256 1001 Ipse
278 953 365 990 facit
385 967 523 999 versuS‚
545 964 652 1004 atque
674 957 737 992 uni
758 957 856 992 cedit
877 956 1044 993 Homero

171 1005 324 1054 Propter
344 1006 444 1042 mille
464 1020 606 1051 annos;
636 1015 711 1054 aut,
732 1008 762 1043 si
783 1008 983 1044 dulcedine
1003 1009 1110 1045 famae

173 1057 391 1093 Succensus
411 1059 556 1104 recites,
577 1060 784 1095 maculosas
804 1061 1014 1096 commodat
1035 1060 1144 1096 aedes.

172 1109 268 1144 Haec
288 1108 399 1157 longe
422 1110 555 1147 ferrata
574 1111 706 1147 domus
726 1112 861 1148 servire
877 1112 1041 1160 jubetur,

172 1160 216 1197 In
237 1161 310 1209 qua
331 1161 505 1198 sollicitas
525 1163 688 1199 imitatur
703 1163 818 1211 janua
837 1171 969 1211 portas.

173 1214 253 1250 Scit
273 1214 360 1249 dare
380 1214 530 1250 libertos
549 1216 715 1251 extrema
736 1215 772 1251 in
793 1223 895 1263 parte
915 1216 1087 1252 sedentes

171 1264 338 1311 Ordinis,
359 1274 395 1302 et
415 1279 570 1314 magnas
590 1267 766 1303 comitum
787 1267 984 1315 disponere
1003 1279 1123 1303 voces.

170 1318 295 1354 Nemo
315 1318 417 1354 dabit
432 1331 575 1366 regum,
595 1320 722 1366 quanti
743 1320 916 1355 subsellia
937 1326 1119 1364 constent,

171 1370 219 1406 Et
238 1382 320 1418 qua:
341 1371 528 1407 conducto
548 1371 712 1419 pendent
732 1371 935 1407 anabathra
955 1371 1084 1419 tigillo,

169 1421 343 1470 Quaeque
363 1423 594 1470 reportandis
613 1423 730 1471 posita
749 1430 804 1459 est
830 1424 1020 1459 orchestra
1040 1422 1240 1458 cathedris,

170 1474 251 1511 Nos
271 1482 395 1510 tamen
418 1475 487 1510 hoc
507 1475 664 1523 agimus,
685 1476 862 1522 tenuique
882 1476 919 1511 in
940 1475 1089 1523 pulvere
1118 1473 1241 1509 sulcos

170 1525 368 1571 Ducimus,
390 1534 425 1563 et
445 1527 546 1563 littus
567 1528 680 1563 sterili
701 1540 889 1562 versamus
910 1534 1040 1563 aratro.

169 1578 269 1615 Nam
290 1579 319 1614 si
336 1579 519 1623 discedas,
540 1579 672 1626 laqueo
691 1587 793 1615 tenet
812 1578 996 1614 ambitiosi

169 1630 416 1668 Consuetudo
436 1631 520 1666 mali
537 1644 543 1666 2
574 1639 676 1667 tenet
696 1631 902 1666 insanabile
924 1628 1060 1666 multos

170 1683 368 1719 Scribendi
390 1683 603 1728 cacoethes,
625 1690 661 1718 et
681 1695 778 1731 aegro
798 1683 835 1718 in
859 1682 969 1718 corde
990 1681 1161 1717 senescit.

170 1735 247 1771 Sed
268 1743 387 1771 vatem
408 1735 615 1783 egregium,
637 1734 697 1770 cui
719 1747 793 1771 non
814 1734 860 1770 sit
878 1733 1029 1782 publiea
1050 1745 1156 1777 vena,

166 1786 250 1827 Qui
272 1787 363 1822 nihil
383 1787 590 1835 expositum
612 1787 726 1823 soleat
746 1786 946 1830 deducere,
966 1797 1037 1820 nec
1057 1785 1119 1832 qui

169 1839 374 1877 Communi
396 1839 500 1875 feriat
520 1851 671 1875 carmen
692 1838 835 1874 triviale
857 1837 1018 1882 moneta,

169 1892 300 1936 Hunc,
321 1891 468 1938 qualem
491 1903 635 1938 nequeo
656 1898 874 1935 monstrare,
895 1896 931 1925 et
951 1888 1071 1924 sentio
1090 1885 1250 1932 tantum,

170 1945 374 1980 Anxietate
395 1956 526 1979 carens
546 1943 693 1978 animus
715 1942 814 1987 facit,
834 1941 956 1977 omnis
976 1939 1100 1976 acerbi

168 1995 389 2044 Impatiens,
411 1995 571 2043 cupidus
591 1995 777 2038 silvarum,
800 2001 979 2041 aptusque
1001 1990 1173 2027 bibendis

169 2047 355 2085 Fontibus
376 2047 580 2083 Aonidum.
636 2045 770 2092 Neque
791 2046 891 2081 enim
913 2051 1063 2079 eantare
1083 2043 1153 2078 sub
1172 2048 1277 2078 antro

169 2099 305 2145 Pierio,
326 2100 538 2147 thyrsumve
558 2105 676 2146 potest
696 2097 913 2145 contingere
934 2107 1025 2131 sana

169 2152 377 2201 Paupertas
397 2159 506 2198 atque
528 2151 610 2187 {eris
630 2150 748 2197 inops,
768 2161 841 2196 quo
860 2154 969 2184 nocte
991 2147 1124 2193 dieque

170 2205 318 2253 Corpus
338 2211 444 2252 eget:
474 2210 574 2238 satur
594 2210 661 2247 est,
683 2213 796 2249 quum
817 2200 908 2236 dicit
938 2198 1129 2242 Horatius,
1151 2195 1281 2232 Euoe!

168 2255 272 2295 Quis
292 2256 396 2291 loeus
417 2254 582 2303 ingenio,
599 2254 668 2290 nisi
690 2265 805 2301 quum
826 2265 864 2287 se
881 2250 1047 2287 carmine
1069 2249 1146 2285 solo

170 2309 334 2353 Vexant‚
355 2315 392 2344 et
411 2307 572 2343 dominis
593 2306 736 2341 Cirrhw
757 2304 946 2352 Nysaeque
975 2302 1141 2338 seruntur

172 2361 330 2397 Pectora
350 2367 486 2404 nostra,
507 2359 599 2394 duas
620 2370 693 2393 non
714 2355 945 2392 admittentia
965 2354 1104 2389 curas?

173 2412 325 2461 Magum
347 2412 482 2447 mentis
501 2423 607 2459 opus,
629 2422 699 2445 nec
721 2409 767 2444 de
788 2408 908 2444 lodice
928 2405 1094 2455 paranda

174 2465 370 2509 Attonitae,
392 2476 538 2509 currus,
559 2470 596 2498 et
616 2474 744 2508 equos,
767 2460 953 2506 faciesque
974 2458 1129 2493 deorum

175 2517 396 2565 Adspicere,
416 2522 452 2551 et
472 2515 591 2562 qualis
612 2513 798 2549 Rutulum
821 2510 1025 2547 confundat
1046 2509 1221 2556 Erinnys.

1428 285 1481 323 25

1429 543 1480 580 30

1425 802 1478 839 35

1429 1059 1479 1096 40

1427 1575 1479 1612 50

1463 1888 1466 1889 ,
1425 1833 1478 1870 3¹-

1427 2091 1480 2128 60
