1596 2779
179 140 224 178 16
589 139 630 168 D.
654 138 781 169 JUNH
806 139 1064 170 JL‘VENALIS

175 234 401 282 AEquantem
423 232 514 270 sane
536 234 685 283 paribus
705 234 873 269 sestertia
894 232 1009 279 libris,

175 286 222 322 Ut
241 286 448 334 perhibent,
468 286 530 334 qui
551 287 596 322 de
618 285 762 333 magnis
783 286 921 333 majora
940 286 1152 333 loquuntur.

174 337 382 373 Consilium
403 337 512 374 laudo
533 337 698 382 artificis,
718 337 747 373 si
769 350 923 373 munere
944 345 1047 374 tanto

175 389 405 437 Przecipuam
428 389 464 424 in
486 390 620 425 tabulis
640 402 764 437 ceram
785 390 885 425 senis
907 390 1057 426 abstulit
1075 389 1166 426 orbi.

174 441 240 477 Est
261 442 353 477 ratio
372 441 535 487 ulterior,
558 454 702 489 magnae
723 441 752 476 si
773 440 871 477 misit
892 442 1035 486 amicae,

172 494 272 532 Qum
294 494 437 530 vehitur
457 493 584 530 clauso
604 493 686 529 latis
707 494 961 541 specularibus
981 501 1097 530 antro.

174 545 238 581 Nil
260 545 331 581 tale
352 553 567 593 exspectes:
597 546 686 582 emit
706 545 787 582 sibi.
846 544 966 582 Multa
986 546 1168 591 videmus,

172 598 272 636 Qum
295 598 404 633 miser
420 604 457 633 et
478 597 571 647 frugi
593 611 666 634 non
690 598 777 634 fecit
798 598 965 646 Apicius
1024 598 1109 634 Hoc
1129 606 1169 634 tu

175 650 402 685 Succinctus
422 651 540 697 patria
536 632 760 698 Oquondam,
781 650 967 698 Crispine‚
987 663 1081 708 papy
1086 652 1152 687 ro?

176 702 260 737 Hoc
280 702 396 749 pretio
418 715 603 750 squamae.
593 703 606 729 7
635 703 753 750 potuit
774 703 926 738 fortasse
947 703 1100 739 minoris

175 754 352 799 Piscator,
373 767 483 802 quun
505 755 628 802 piscis,
650 755 733 790 emi.
792 754 989 790 Provincia
1008 755 1100 791 tanti

176 806 315 842 Vendit
335 819 463 854 agr0s;
494 807 558 842 sed
580 807 737 854 majores
758 806 922 855 Appulia
942 807 1079 843 vendit.

173 859 320 897 Quales
339 866 429 894 tunc
449 859 578 906 epulas
599 859 718 907 ipsum
739 859 894 907 glutisse
913 866 1087 906 putemus

176 910 507 959 Endoperatorem‚
527 924 643 959 quum
673 918 726 947 tot
757 911 937 956 sestertia,
958 919 1099 959 partem

175 962 372 1011 Exiguam,
395 970 432 998 et
452 964 608 998 modicae
629 971 811 1010 sumptam
833 963 879 999 de
902 963 1069 1011 margine
1089 976 1222 1010 coenae,

175 1015 390 1062 Purpureus
410 1015 533 1063 magni
555 1014 710 1050 ructarit
729 1027 856 1051 scurra
878 1015 1010 1060 Palati,

174 1067 259 1102 Jam
280 1067 454 1115 princeps
473 1068 653 1115 equitum,
672 1068 810 1115 magna
829 1067 891 1115 qui
912 1080 1001 1105 voce
1022 1068 1163 1104 solebat

176 1119 350 1155 Vendere
370 1119 579 1168 municipes
600 1118 709 1156 fricta
730 1119 776 1154 de
798 1130 924 1154 merce
946 1118 1108 1154 siluros?

174 1171 320 1220 Incipe,
342 1172 524 1219 Calliope,
546 1172 633 1207 licet
652 1179 688 1207 et
708 1171 927 1207 considere:
958 1184 1032 1208 non
1053 1179 1109 1208 est

175 1223 431 1269 cantandum,
452 1237 510 1259 res
530 1236 615 1259 vera
636 1224 769 1272 agitur.
827 1223 999 1268 Narrate,
1020 1224 1153 1302 p'uellae

174 1276 367 1312 Pierides.
397 1255 512 1324 pinsit
531 1277 623 1312 mihi
644 1289 706 1312 vos
727 1276 863 1312 dixisse
884 1276 1050 1324 puellas!

225 1328 387 1367 Quum
375 1341 452 1376 jam
472 1328 735 1365 semianimum
755 1328 934 1364 laceraret
956 1328 1107 1364 Flavius
1127 1328 1256 1365 orbem

173 1380 347 1427 Ultimus,
367 1388 404 1417 et
424 1381 528 1417 calvo
547 1382 699 1417 serviret
719 1380 842 1417 Roma
863 1380 1029 1425 Neroni3

174 1433 315 1469 Incidit
336 1433 491 1469 Adi-iaci
514 1434 674 1481 spatium
696 1433 914 1469 admirabile
935 1410 1079 1469 rhombi

176 1486 276 1522 Ante
297 1486 448 1522 domum
471 1486 642 1532 Veneris,
659 1498 770 1533 quam
791 1485 929 1521 Dorica
949 1486 1105 1522 sustinet
1125 1486 1276 1531 Ancon,

174 1537 420 1586 Implevitque
440 1539 544 1574 sinus
562 1551 568 1573 :
599 1551 719 1585 neque
740 1537 840 1573 enim
862 1538 981 1574 minor
1003 1539 1160 1574 hoeserat
1180 1537 1264 1583 illiS,

173 1590 283 1629 Quos
302 1591 421 1639 operit
439 1591 579 1638 glacies
601 1590 790 1634 Mteotica‚
813 1599 992 1638 ruptaque
1013 1591 1165 1626 tandem

176 1643 326 1679 Solibus
345 1643 505 1678 effundit
523 1643 702 1691 torpentis
719 1643 763 1677 ad
785 1643 879 1678 ostia
899 1643 1008 1678 Ponti

175 1694 332 1731 Desidia
352 1696 488 1740 tardos,
510 1703 546 1731 et
567 1695 677 1742 longo
698 1695 831 1743 frigore
852 1694 1022 1743 pingues.

175 1747 348 1784 Destinat
368 1748 438 1783 hoc
458 1755 664 1783 monstrum
685 1747 827 1795 cymbae
849 1746 989 1794 linique
1010 1746 1186 1794 magister

176 1799 349 1836 Pontifici
370 1812 526 1835 summo.
581 1799 683 1837 Quis
703 1799 803 1835 enim
822 1812 1028 1847 proponere
1048 1798 1159 1834 talem

177 1853 256 1888 Aut
274 1864 398 1888 emere
419 1852 585 1897 auderet,
606 1864 719 1899 quum
736 1851 848 1899 plena
868 1860 904 1887 et
923 1851 1044 1887 littora
1064 1850 1181 1887 multo

177 1905 351 1941 Delatore
372 1904 517 1940 forent?
575 1904 741 1952 Dispersi
761 1912 939 1952 protenus
959 1904 1051 1952 algae

177 1957 422 2005 Inquisitores
442 1963 596 2005 agerent
615 1969 702 1992 cum
723 1956 864 2005 remige
884 1956 998 2001 nudo,

177 2009 265 2046 Non
286 2008 490 2045 dubitaturi
512 2008 705 2056 fugitivum
729 2008 853 2044 dicere
874 2008 1029 2056 piscem,

177 2061 457 2110 Depastumque
477 2059 541 2097 diu
563 2061 698 2097 vivaria
719 2060 892 2105 Caesaris,
913 2060 1000 2096 inde

177 2114 356 2162 Elapsum
376 2121 538 2150 veterem
559 2113 603 2148 ad
625 2113 818 2148 dominum
839 2113 975 2148 debere
995 2111 1139 2148 reverti.

180 2167 220 2202 Si
241 2165 329 2213 quid
350 2165 527 2211 Palfurio,
544 2165 573 2201 si
592 2165 784 2201 credimus
806 2164 1015 2209 Armillato,

177 2218 376 2266 Quidquid
397 2218 656 2266 conspicuum,
677 2217 948 2266 pulchrumqm
969 2224 1025 2252 est
1046 2227 1192 2263 aequore
1211 2221 1301 2262 toto,

178 2271 260 2306 Res
280 2270 359 2305 fisci
379 2278 447 2315 est,
469 2270 681 2316 ubicunque
703 2277 777 2305 nat
779 2277 814 2305 it
872 2269 1081 2305 Donabitur
1101 2265 1208 2317 ergo,

180 2322 241 2358 Ne
260 2330 397 2370 pereat.
454 2321 540 2358 Jam
561 2322 703 2358 letifero
723 2322 881 2357 cedente
903 2321 1044 2369 pruinis

180 2375 387 2419 Autumno,
405 2374 481 2422 jam
500 2381 719 2422 quartanam
739 2373 974 2421 sperantibus
994 2372 1114 2421 aegris,

181 2426 371 2463 Stridebat
391 2427 569 2462 deformis
590 2426 720 2471 hiems,
741 2426 977 2474 prffdamque
998 2433 1188 2461 recentem

181 2478 384 2516 Servabat:
415 2486 539 2515 tamen
562 2479 621 2514 hic
641 2485 825 2527 properat,
847 2478 945 2513 velut
966 2485 1123 2525 urgueat
1143 2478 1291 2515 Auster.

1435 235 1484 270 15

1432 494 1484 531 20

1433 754 1485 791 25

1433 1015 1484 1052 30

1436 1536 1487 1574 40

1437 2057 1490 2095 50
