1596 2779
708 151 873 183 SATIRA
898 151 961 182 111.

177 246 397 296 Gymnasia,
419 254 527 295 atque
547 246 634 283 audi
655 246 802 283 facinus
822 246 971 295 majoris
992 245 1133 282 abollae.

178 301 330 336 Stoicus
348 300 488 337 occidit
508 300 678 344 Baream,
700 298 840 335 delator
862 299 1038 343 amicum,

176 351 487 400 Discipulumque
508 364 636 396 senex,
656 350 735 399 ripa
756 351 917 386 nutritus
937 350 974 386 in
995 350 1072 395 illa,

177 403 238 440 Ad
260 417 369 452 quam
391 404 580 452 Gorgonei
601 403 753 451 delapsa
772 410 828 438 est
847 404 962 450 pinna
982 401 1126 437 caballi.

175 455 265 491 Non
285 463 340 492 est
360 456 535 491 Romano
555 455 728 502 cuiquam
750 454 855 490 locus
877 454 951 499 hic,
972 453 1034 490 ubi
1055 461 1187 502 regnat

178 507 404 555 Protogenes
423 507 567 555 aliquis,
587 507 642 542 vel
664 506 851 554 Diphilu'S,
872 513 935 542 aut
970 505 1227 551 Erimarchus,

173 559 254 598 Qui
273 559 397 607 gentis
417 559 506 596 vitio
525 571 716 606 nunquam
737 558 894 606 partitur
914 557 1088 593 amicum.

174 611 285 647 Solus
305 612 426 647 habet.
483 610 582 647 Nam
603 623 717 668 quum
739 610 885 646 facilem
907 610 1057 646 stillavit
1077 610 1115 646 in
1146 622 1273 646 aurem

173 661 365 711 Exiguum
385 664 431 700 de
451 671 594 700 naturae
614 662 816 711 patriaeque
837 674 993 707 veneno,

172 714 322 751 Limine
344 715 585 752 submoveor:
614 715 805 763 perierunt
824 721 991 762 tempora
1011 713 1113 761 longi

173 767 333 803 Servitii.
389 766 586 829 Nusquam
608 767 728 803 minor
748 774 803 803 est
818 766 965 815 jactura
985 766 1144 802 clientis.

169 818 285 857 Quod
306 818 414 867 porro
434 820 614 864 officium,
635 832 682 855 ne
703 819 810 854 nobis
832 819 1014 863 blandiar,
1036 825 1099 854 aut
1119 818 1217 866 quod

169 869 349 919 Pauperis
369 870 431 907 hic
451 871 639 916 meritum,
661 871 690 906 si
711 878 817 907 curet
838 878 946 906 nocte
967 877 1114 918 togatus

168 921 344 969 Currere,
364 936 478 971 quum
498 930 630 972 praetor
650 923 817 959 lictorem
839 922 1015 970 impellat,
1035 929 1072 957 et
1087 921 1139 958 ire

167 974 403 1023 Praecipitem
429 975 559 1024 jubeat
577 975 719 1010 dudum
740 975 980 1023 vigilantibus
998 974 1110 1019 orbis,

167 1025 229 1063 Ne
248 1027 346 1075 prior
367 1027 545 1064 Albinam
564 1034 602 1063 et
623 1026 789 1063 Modiam
811 1027 955 1075 collega
976 1026 1110 1062 salutet
1122 1027 1190 1062 ”t—

167 1077 227 1115 Da
246 1086 379 1115 testem
400 1079 534 1116 Romae
554 1087 628 1115 tam
650 1087 836 1124 sanctum,
856 1078 968 1127 quam
991 1079 1059 1115 fuit
1079 1079 1214 1128 hospes

165 1129 346 1167 Numinis
367 1131 481 1168 Idaei:
511 1132 689 1180 procedat
710 1131 764 1167 vel
785 1131 924 1177 Numa,
947 1131 1001 1167 vel
1021 1131 1083 1178 qui

167 1183 335 1219 Servavit
354 1184 536 1232 trepidam
558 1183 729 1232 flagranti
749 1196 795 1219 ex
817 1185 896 1220 aede
918 1183 1152 1219 Minervam:

165 1233 350 1271 Protenus
371 1236 417 1272 ad
437 1248 606 1281 censum,
628 1236 673 1271 de
694 1235 858 1271 moribus
879 1236 1010 1271 ultima
1029 1235 1091 1271 fiet

163 1286 347 1326 Quaestio.
402 1287 508 1326 Quot
527 1288 647 1336 pascit
667 1288 817 1323 servos?
846 1295 935 1336 quot
954 1288 1119 1336 possidet
1139 1287 1217 1337 agri

163 1337 336 1388 Jugera‘?
365 1339 478 1388 quam
494 1340 610 1376 multa
631 1340 843 1388 magnaque
863 1340 1058 1389 paropside
1078 1341 1228 1376 coenat'!

162 1389 362 1429 Quantum
384 1392 539 1440 quisque
560 1392 627 1428 sua
649 1404 888 1428 nummorum
909 1400 1029 1428 servat
1052 1393 1087 1428 in
1109 1393 1210 1438 arca,

162 1441 330 1480 Tantum
354 1444 465 1480 habet
483 1452 521 1480 et
539 1444 636 1480 fidei
693 1444 804 1481 Jures
824 1445 916 1480 licet
935 1453 972 1480 et
992 1446 1280 1481 Samothracum

161 1493 211 1531 Et
232 1503 438 1532 nostrorum
459 1509 562 1541 aras3
592 1503 833 1533 contemnere
854 1497 1011 1532 fulmina
1030 1509 1171 1554 pauper

161 1546 339 1584 Creditur
361 1556 470 1596 atque
489 1549 592 1593 deoe,
613 1547 672 1584 dis
693 1549 1004 1596 ignoscentibus
997 1549 1096 1606 ipsis,

159 1597 280 1645 Quid,
301 1598 401 1647 quod
422 1600 613 1636 materiam
631 1601 770 1648 praebet
790 1613 995 1648 causasque
1012 1601 1183 1649 jocorum

160 1630 352 1687 Omnibus
368 1652 429 1688 hic
448 1653 561 1697 idem,
582 1653 612 1688 si
636 1652 734 1688 foeda
752 1660 789 1689 et
808 1653 924 1688 scissa
944 1653 1110 1698 lacerna,

161 1701 202 1738 Si
223 1710 310 1751 toga
329 1704 519 1740 sordidula
538 1712 606 1750 est,
627 1711 664 1740 et
683 1705 791 1752 rupta
812 1705 962 1740 calceus
983 1705 1073 1741 alter

159 1753 260 1790 Pelle
280 1763 402 1803 patet;
433 1756 488 1792 vel
510 1756 539 1792 si
561 1764 718 1793 consuto
738 1757 891 1793 vulnere
911 1769 1079 1793 crassum

159 1805 284 1854 Atque
304 1820 436 1844 recens
455 1808 573 1844 linum
593 1809 759 1844 ostendit
777 1822 852 1845 non
873 1822 948 1845 una
967 1809 1152 1845 cicatrix?

157 1857 223 1894 Nil
244 1859 354 1896 habet
374 1860 501 1896 infelix
521 1868 720 1909 paupertas
740 1861 869 1897 durius
888 1862 926 1897 in
947 1874 999 1906 se,

155 1909 287 1949 Quam
307 1910 407 1959 quod
429 1912 607 1949 ridiculos
628 1913 797 1948 homines
819 1913 917 1949 facit.
976 1913 1108 1958 Exeat,
1129 1913 1262 1961 inquit,

157 1962 199 1998 Si
219 1964 336 2010 pudor
357 1971 425 2009 est,
446 1971 483 2000 et
502 1965 548 2000 de
576 1965 728 2012 pulvino
749 1974 876 2013 surgat
895 1965 1071 2013 equestri,

155 2013 275 2062 Cujus
295 2028 352 2051 res
372 2016 446 2064 legi
467 2029 541 2053 non
563 2016 713 2062 suffieit,
734 2023 771 2053 et
790 2018 945 2053 sedeant
966 2017 1028 2054 hic

153 2064 354 2104 Lenonum
373 2069 478 2116 pueri
498 2081 721 2116 quocunque
742 2069 779 2113 in
802 2069 942 2106 fornice
963 2070 1051 2107 nati.

154 2117 232 2154 Hie
252 2119 406 2167 plaudat
426 2121 532 2157 nitidi
554 2121 736 2169 praeconis
753 2121 849 2158 filius
871 2122 966 2158 inter

154 2169 345 2220 Pinnirapi
365 2173 487 2208 cultos
503 2173 674 2221 juvenes,
687 2173 918 2221 juvenesque
939 2175 1093 2212 lanistae.

153 2222 218 2259 Sic
238 2223 383 2260 libitum
406 2237 513 2270 vano,
533 2226 595 2273 qni
616 2238 683 2262 nos
703 2226 885 2272 distinxit,
906 2225 1061 2264 Othoni.

150 2273 252 2314 Quis
272 2289 388 2324 gener
409 2276 471 2312 hie
487 2278 521 2325 pl
526 2285 626 2313 icuit
646 2290 763 2314 censu
787 2279 920 2324 minor,
942 2286 1051 2328 atque
1072 2281 1207 2329 puellae

152 2327 388 2364 Sarcinulis
380 2341 497 2377 impar
513 2330 528 2356 7
556 2330 638 2378 quis
657 2343 799 2378 pauper
819 2331 993 2368 scribitur
1015 2333 1132 2368 haeres
1147 2333 1162 2368 ’ἔ

149 2378 345 2418 Quando
337 2394 375 2416 in
396 2381 553 2418 consilio
572 2390 628 2418 est
647 2383 840 2419 aedilibus'?
896 2384 1062 2431 Agmine
1083 2385 1180 2421 facto

151 2429 303 2468 Debue1
307 2441 369 2468 ant
388 2432 475 2469 olim
497 2441 629 2470 tenues
650 2435 833 2482 migrasse
853 2435 1036 2474 Quirites,

151 2480 265 2519 Haud
286 2484 393 2520 facilc
415 2493 624 2534 emergunt,
645 2500 801 2534 qnorum
822 2488 1019 2524 virtutibus
1038 2489 1160 2525 obstat

1442 154 1487 191 1·l

1413 350 1486 386 105

1413 611 1484 646 110

1412 871 1481 908 115

1405 1132 1478 1170 120

1402 1394 1475 1431 125

1398 1655 1473 1692 130

1395 1917 1479 1954 135

1391 2177 1466 2215 140

1386 2439 1460 2476 145
