1596 2779
179 185 229 223 75
597 185 638 215 D.
663 183 785 215 stxn
812 184 1070 215 JL'YENALIS

179 278 227 314 Et
246 278 397 314 meliore
417 278 494 314 luto
516 278 620 314 fiuxit
640 279 842 326 prafcordia
863 278 979 314 Titan
996 289 1002 312 :

179 331 252 366 Sed
277 331 436 377 reliquos
458 330 632 376 fugienda
654 339 796 378 patruni
819 329 974 377 vestigia
993 330 1150 374 ducunt,

178 381 226 417 Et
246 390 448 418 monstrata
467 379 532 418 diu
554 382 685 417 veteris
705 382 815 417 trahit
833 382 950 417 orbita
970 380 1101 429 culpas.

178 434 380 469 Abstineas
401 433 512 481 igitur
529 433 751 469 damnandis
770 445 776 468 :
810 433 918 481 liujus
937 433 1036 468 enirn
1058 432 1113 468 vel

178 483 261 520 Una
282 492 413 532 potens
432 485 524 521 ratio
543 492 610 530 est,
632 497 678 520 ne
698 485 853 520 crimina
877 492 999 520 nostra
1020 491 1220 531 sequantur

177 535 234 571 Ex
254 536 360 572 nobis
378 537 518 584 geniti;
548 537 721 584 quoniam
742 536 881 572 dociles
902 535 1090 571 imitandis

177 587 371 635 Turpibus
391 600 435 623 ac
455 589 575 636 pravis
594 601 725 624 omnes
745 600 896 630 sumus,·
926 595 962 622 et
983 587 1184 623 Catilinam

175 638 417 686 Quocunque
438 639 474 675 in
496 640 630 688 populo
651 640 789 684 videas,
805 651 1027 686 quocunque
1047 639 1116 674 sub
1136 652 1226 675 axe:

177 690 251 725 Sed
274 703 344 726 nec
366 691 502 727 Brutus
521 692 601 736 erit,
623 691 727 727 Bruti
748 703 819 727 nec
839 690 1046 726 avunculus
1068 703 1233 738 usquam.

175 741 238 777 Nil
260 743 362 778 dictu
384 742 522 778 foeduni
545 744 696 790 visuque
717 743 796 777 haec
817 742 944 777 limina
965 750 1104 790 tangat,

176 793 279 829 Intra
294 807 374 841 quae
396 807 486 842 puer
506 802 572 830 est.
630 794 762 830 Procul
785 794 887 838 hinc,
907 794 1034 841 procul
1057 794 1143 829 inde
1161 794 1294 842 puellae

175 844 386 890 Lenonum,
408 854 444 882 et
464 854 596 881 cantus
616 845 869 893 pernoctantis
889 845 1051 894 parasiti.

175 896 344 933 Maxima
364 898 519 933 debetur
539 910 653 946 puero
673 897 890 933 reverentia.
950 897 989 932 Si
1009 897 1095 944 quid

174 947 304 996 Turpe
326 962 443 997 paras,
464 962 511 985 ne
531 958 570 985 tu
591 950 694 997 pueri
715 949 984 996 contempseris
1004 962 1122 986 annos
1140 962 1147 985 ι

175 1000 249 1036 Sed
270 1009 471 1048 peccaturo
491 1001 610 1037 obstet
630 1002 694 1037 tibi
715 1001 812 1036 filius
832 1001 964 1036 infans.

175 1051 275 1087 Nam
297 1053 325 1088 si
346 1053 432 1100 quid
455 1053 610 1101 dignum
631 1053 809 1088 Censoris
830 1053 958 1088 fecerit
980 1052 1033 1089 ira

172 1103 426 1151 Quandoque,
448 1112 484 1140 et
504 1105 662 1140 similem
683 1105 748 1140 tibi
769 1117 808 1140 se
828 1117 903 1140 non
923 1117 1077 1152 corpore
1097 1103 1243 1141 tantilm

174 1155 258 1191 Nec
278 1156 378 1191 sultu
399 1156 554 1201 dederit,
576 1169 719 1192 morum
740 1169 884 1203 quoque
906 1155 1016 1200 filius,
1037 1163 1073 1192 et
1091 1156 1154 1204 qui

172 1206 314 1243 Omnia
333 1206 498 1244 deterius
518 1216 581 1244 tua
600 1220 663 1255 per
680 1207 834 1256 vestigia
853 1216 997 1256 peccet,

173 1258 361 1308 Corripies
384 1259 559 1295 nimirum
575 1267 612 1296 et
631 1260 832 1307 castigabis
853 1259 988 1295 acerbo

173 1310 360 1355 Clamore,
382 1324 425 1347 ac
444 1319 525 1359 post
545 1312 625 1348 haec
646 1311 788 1347 tabulas
809 1318 951 1346 mutare
971 1311 1129 1359 parabis.

172 1362 282 1399 Unde
303 1363 368 1399 tibi
390 1363 548 1399 frontem
568 1364 850 1410 libertatemque
870 1363 1046 1412 parentiS,
1093 1359 1095 1361 ’

170 1414 304 1453 Quum
328 1415 441 1451 facias
460 1415 585 1463 pejora
604 1428 733 1460 senex,
754 1427 988 1462 vacuumque
1009 1414 1164 1451 cerebro

172 1466 258 1502 Jam
280 1467 421 1515 pridem
443 1476 554 1515 caput
575 1468 646 1503 hoc
666 1475 819 1502 ventosa
839 1467 1035 1502 cucurbita
1054 1467 1224 1514 quaerat?

226 1519 384 1566 Hospite
407 1527 574 1565 venturo,
596 1518 757 1555 cessabit
778 1531 887 1554 nemo
907 1527 1065 1555 tuorum.

171 1570 289 1606 Verre
309 1571 575 1618 pavimentum,
596 1571 735 1607 nitidas
753 1571 910 1606 ostende
931 1569 1137 1616 columnas,

171 1622 290 1658 Arida
311 1636 396 1658 curn
417 1623 494 1659 tota
515 1623 720 1659 descendat
741 1635 876 1658 aranea
892 1622 988 1665 telam

173 1674 249 1710 Hic
268 1675 348 1710 leve
369 1682 578 1722 argentum,
600 1687 686 1709 vasa
706 1687 837 1722 aspera
857 1681 998 1722 tergeat
1020 1673 1132 1717 alter3

172 1726 255 1762 Vox
275 1726 416 1762 domini
438 1726 523 1762 furit
545 1726 728 1770 instantis,
752 1726 964 1773 virgamque
988 1726 1160 1761 tenentis.

172 1776 274 1826 Ergo
296 1778 406 1813 miser
426 1778 601 1825 trepidas,
623 1790 670 1813 ne
691 1785 852 1813 stercore
874 1777 970 1812 foeda
989 1777 1126 1813 canino

175 1830 280 1865 Atria
299 1829 521 1878 displiceant
539 1829 659 1865 oculis
679 1829 861 1865 venientis
880 1829 1004 1874 amici,

172 1880 232 1917 Ne
252 1882 400 1930 perfusa
420 1881 496 1917 luto
516 1881 562 1917 sit
581 1881 766 1930 porticus;
796 1888 833 1916 et
853 1888 977 1916 tamen
999 1893 1073 1916 uno

172 1933 349 1970 Sernodio
369 1933 490 1969 scobis
511 1933 592 1969 haec
611 1933 787 1969 emendat
806 1933 974 1968 servulus
996 1945 1103 1968 unus.

172 1984 269 2021 Illud
291 1997 365 2021 non
386 1985 516 2042 agitas,
538 1992 578 2021 ut
597 1992 765 2021 sanctam
787 1984 883 2020 filius
902 1984 1004 2020 omni

172 2037 369 2085 Adspiciat
388 2037 468 2072 sine
488 2036 570 2072 labe
590 2037 756 2082 domuin,
774 2037 932 2084 vitioque
953 2043 1142 2072 carentem
1158 2037 1173 2072 ’ἱ

169 2089 326 2124 Gratum
347 2096 414 2133 cst,
435 2086 534 2135 quod
555 2088 683 2146 patriae
704 2088 823 2124 civem
844 2087 1052 2145 populoque
1073 2088 1222 2135 dedisti,

171 2140 212 2176 Si
233 2140 337 2185 facis,
359 2148 399 2176 ut
419 2140 545 2187 patriae
566 2140 611 2175 sit
632 2139 801 2184 idoneus,
822 2139 923 2176 utilis
943 2139 1054 2187 agris,

170 2191 278 2228 Utilis
298 2200 335 2228 et
354 2191 534 2227 bellorum
554 2199 591 2227 et
610 2192 712 2240 pacis
732 2192 842 2228 rebus
863 2191 1029 2240 agendis.

170 2241 379 2280 Plurimum
400 2243 499 2279 enim
518 2243 695 2286 intererit,
716 2243 850 2291 quibus
871 2243 1025 2288 artibus,
1045 2251 1083 2280 et
1101 2244 1236 2291 quibus
1256 2245 1358 2281 hunc
1379 2252 1419 2282 tu

170 2294 340 2331 Moribus
360 2295 541 2331 instituas.
600 2295 783 2342 Serpente
804 2295 950 2331 ciconia
971 2295 1091 2343 pullos

169 2346 310 2391 Nutrit‚
331 2355 367 2383 et
388 2347 538 2382 inventa
558 2358 622 2395 per
642 2347 747 2382 devia
769 2360 853 2383 rura
873 2347 1032 2383 lacerta:

170 2397 229 2433 Illi
249 2399 380 2434 eadem
403 2399 558 2448 sumptis
576 2406 747 2446 quaerunt
769 2398 944 2434 animalia
971 2398 1105 2446 pinnis.

170 2449 318 2493 Vultur,
335 2450 506 2498 jumento
524 2458 561 2486 et
580 2450 738 2486 canibus
757 2451 1005 2498 crucibusque
1026 2450 1176 2497 relictis,

169 2501 232 2537 Ad
255 2501 364 2537 soetus
383 2510 565 2551 properat,
586 2510 801 2551 partemque
821 2502 1012 2539 cadaveris
1033 2502 1149 2539 affert.

1427 1055 1480 1091 50

1427 1572 1478 1610 60

1424 2091 1474 2127 70

1422 2349 1472 2385 75
