1596 2779
638 170 801 206 ‘SATIRA
826 173 924 204 vm*

600 320 808 357 SATIRA
842 320 953 356 VIII.

183 425 407 464 STEMMATA
428 426 516 473 quid
538 425 693 469 faciunt,
713 423 801 471 quid
824 423 984 472 prodest,
1007 423 1176 468 Pontice,
1197 422 1310 470 longo

131 479 324 528 Sanguine
344 477 502 522 censeri,
523 477 715 534 pictosque
731 477 928 511 ostendere
950 475 1071 511 vultus

130 531 330 579 Majorum,
350 538 389 566 et
408 536 548 565 stantes
569 529 605 564 in
627 528 797 564 curribus
817 527 1055 572 AEmilianos,

132 583 182 619 Et
201 582 362 618 Curios
351 594 426 630 Jam
448 581 635 625 dimidios,
656 580 904 626 humerosque
922 579 1102 615 minorem

129 634 347 679 Corvinum,
367 640 404 669 et
424 633 582 668 Galbam
603 609 779 667 auriculis
799 643 962 677 nasoque
983 630 1201 666 carentem?

126 687 228 726 Quis
249 686 391 721 fruetus
410 684 559 733 generis
579 683 708 719 tabula
725 683 866 730 jactare
887 683 1017 744 capaci

128 738 346 782 Corvinum,
367 737 522 794 posthac
542 736 658 771 multa
678 734 896 783 contingere
916 735 1019 783 virga

129 790 313 826 Fumosos
332 789 497 836 equitum
519 800 605 824 cum
628 766 830 822 dictatoree
828 787 1036 833 magistros,

130 842 171 877 Si
191 853 320 877 coram
342 840 494 888 Lepidis
514 837 611 875 male
632 839 763 875 vivitur
779 839 794 874 i!
849 838 1003 886 Effigies
1021 835 1095 886 quo

129 893 207 930 Tot
226 892 457 937 bellatorum,
480 892 510 927 si
530 891 670 926 luditur
690 891 772 925 alea
790 902 932 938 pernox

129 946 232 981 Ante
253 943 535 980 Numantinos?
563 942 594 978 si
615 942 777 978 dormire
799 942 932 989 incipis
951 948 1034 977 ortu

130 995 309 1041 Luciferi,
330 1006 404 1043 quo
423 995 531 1042 signa
551 995 667 1029 duces
686 1002 723 1029 et
744 1002 867 1029 castra
889 993 1111 1029 movebant?

131 1049 209 1085 Cur
230 1047 481 1095 Allobrogicis
500 1054 537 1082 et
565 1047 702 1094 magna
722 1046 883 1094 gaudeat
903 1046 967 1080 ara

131 1100 254 1136 Natus
275 1100 312 1135 in
334 1099 524 1135 Herculeo
545 1098 684 1133 Fabius
704 1098 793 1143 lare,
814 1098 844 1133 si
866 1097 1039 1145 cupidus,
1059 1097 1090 1132 si

131 1152 276 1197 Vanus,
298 1158 334 1187 et
354 1150 537 1199 Euganea
557 1150 793 1197 quantumvis
814 1149 957 1185 mollior
977 1149 1098 1197 agnam

132 1203 174 1240 Si
193 1211 363 1240 tenerum
386 1202 532 1238 attritus
552 1201 747 1238 Catinensi
768 1202 918 1249 pumice
937 1201 1108 1237 lumbum

133 1255 355 1304 Squalentes
374 1254 537 1290 traducit
557 1266 656 1299 aVOS,
672 1262 888 1301 emptorque
909 1253 1043 1288 veneni

132 1307 359 1356 Frangenda
379 1306 551 1342 miseram
573 1306 734 1341 funestat
754 1305 915 1353 imagine
936 1304 1115 1353 gentem?

131 1359 233 1396 Tota
251 1357 341 1395 licet
361 1365 504 1394 veteres
523 1365 705 1394 exornent
725 1357 890 1404 undique
910 1369 1006 1392 cerae

132 1411 254 1457 Atria,
275 1410 448 1447 nobilitas
468 1409 545 1445 sola
564 1417 620 1446 est
640 1417 749 1457 atque
770 1409 884 1445 unica
903 1409 1029 1444 virtus.

135 1463 287 1509 Paulus,
308 1462 364 1498 vel
385 1462 538 1506 Cossus,
560 1463 615 1497 vel
638 1461 797 1507 Drusus,
819 1461 984 1497 moribus
1003 1467 1083 1498 esto
1100 1473 1107 1496 ε

134 1515 215 1552 Hos
236 1524 322 1551 ante
342 1514 484 1562 effigies
504 1514 686 1561 majorum
706 1525 801 1561 pone
821 1521 992 1549 tuorum:

133 1567 357 1605 Praecedant
376 1566 474 1614 ipsas
494 1565 558 1610 illi,
580 1572 615 1600 te
636 1565 814 1610 Consule,
838 1565 969 1612 virgas.

134 1619 261 1656 Prima
280 1618 371 1654 mihi
390 1618 504 1653 debes
524 1617 639 1653 animi
661 1617 766 1653 bona.
825 1618 989 1652 Sanctus
1009 1616 1151 1661 haberi,

134 1671 369 1718 Justitiaeque
388 1677 499 1706 tenax
519 1669 625 1705 sactis
645 1669 828 1716 dictisque
851 1668 1032 1703 mereris?

135 1724 315 1771 Agnosco
333 1733 553 1770 procerema
596 1721 718 1766 Salve,
738 1720 935 1765 Gaetulice,
956 1732 1023 1755 seu
1042 1727 1083 1756 tu

135 1775 300 1819 Silanus,
320 1785 543 1830 quocunque
564 1772 635 1809 alio
655 1772 701 1808 de
721 1772 926 1830 sanguine!
958 1784 1063 1807 rarus

134 1827 238 1864 Civis
257 1834 294 1862 et
314 1825 488 1874 egregius
507 1825 634 1873 patriae
656 1824 848 1872 contingis
866 1836 909 1859 ov
916 1824 1004 1860 anti.

136 1879 359 1915 Exclamare
379 1877 481 1922 libet,
500 1876 660 1933 populus
679 1877 776 1924 quod
797 1877 947 1921 clamat,
967 1875 1071 1911 Osiri

136 1930 305 1967 Invento.
360 1928 461 1967 Quis
479 1928 581 1964 enim
600 1939 824 1976 generosum
843 1927 977 1963 dixerit
998 1928 1113 1973 hunc,
1131 1927 1195 1974 qui

137 1982 323 2030 Indignus
360 1992 512 2029 genere,
532 1987 569 2015 et
589 1980 766 2027 praeclaro
787 1980 937 2016 nomine
957 1977 1104 2015 tantum

137 2034 166 2071 I
161 2033 330 2083 isignis'!
376 2031 532 2068 Nanum
553 2032 748 2080 cujusdam
772 2032 928 2068 Atlanta
947 2043 1145 2067 vocamus·
1137 2059 1146 2075 ‚

138 2086 355 2134 AEthiopem
375 2096 558 2132 cycnum3
588 2096 738 2131 pravam
758 2090 1014 2132 extortamque
1034 2082 1196 2131 puellam

137 2138 340 2186 Europen:
370 2136 528 2172 canibus
548 2135 675 2183 pigriS,
696 2135 895 2182 scabieque
916 2136 1061 2171 vetusta

140 2190 314 2234 Levibus,
335 2195 372 2224 et
391 2188 502 2224 siccae
523 2187 775 2224 lambentibus
794 2199 859 2223 ora
879 2187 1059 2233 lucernae,

139 2240 290 2279 Nomen
310 2240 379 2276 erit
397 2239 547 2288 pardus,
568 2239 686 2288 tigris,
709 2239 780 2284 leo,
798 2239 827 2274 si
848 2239 937 2286 quid
958 2239 1083 2274 adhuc
1102 2245 1170 2284 est,

137 2293 254 2333 Quod
272 2293 404 2329 fremat
424 2291 460 2327 in
481 2291 588 2327 terris
607 2289 815 2327 violentius
873 2290 974 2339 Ergo
996 2290 1158 2336 cavebis,

139 2345 189 2383 Et
210 2352 369 2389 metueS,
391 2355 438 2378 ne
457 2350 497 2378 tu
518 2343 567 2379 sis
587 2342 761 2379 Creticus
782 2350 845 2379 aut
864 2342 1100 2378 Camerinus.

193 2397 265 2433 His
284 2408 356 2444 ego
374 2406 484 2442 quem
506 2395 663 2431 monui?
691 2403 817 2430 tecum
836 2402 892 2430 est
912 2394 1003 2430 mihi
1023 2407 1158 2440 sermo,
1180 2393 1334 2431 Rubelli

140 2449 294 2487 Blande.
350 2446 496 2482 Tumes
516 2447 588 2482 alto
608 2445 815 2482 Drusorum
835 2454 1043 2492 stemmate,
1065 2454 1242 2494 tanquam

141 2500 172 2539 F
175 2499 294 2538 eoeris
314 2498 391 2549 ipse
412 2498 564 2546 aliquid,
583 2505 730 2547 propter
750 2499 847 2546 quod
867 2498 1003 2535 nobilis
1022 2510 1138 2545 esses,

1385 171 1434 209 43

1393 889 1440 925 10

1394 1133 1442 1185 1'5

1390 1407 1442 1445 20

1393 1926 1445 1964 30

1394 2185 1447 2222 35

1400 2446 1450 2483 40
