1596 2779
623 134 803 180 'SATIRA
828 148 925 179 xw.

127 246 270 285 Sidere.
322 244 411 281 Plus
430 244 570 281 etenim
592 244 653 280 fati
675 243 770 279 valet
790 243 883 278 liora
902 241 1069 289 benigni,

124 298 254 338 Quam
276 297 306 333 si
335 310 404 334 nos
432 296 593 333 Veneris
614 295 853 332 commendet
871 293 1026 342 epistola
1046 293 1173 338 Marti,

125 351 174 388 Et
195 349 324 386 Samia
344 347 505 397 genitrix
525 359 606 395 quae
627 347 832 383 delectatur
852 346 977 381 arena.

177 401 387 439 Commoda
406 406 608 436 tractemus
627 397 787 447 primum
809 397 1037 442 communia,
1058 408 1216 444 quorum

127 454 240 491 Haud
261 452 456 489 minimum
477 451 568 486 illud
589 452 670 495 erit,
691 463 738 485 ne
757 456 792 485 te
813 449 960 497 pulsare
976 455 1125 497 togatus

127 506 300 548 Audeat;
333 505 458 549 immo,
478 503 546 538 etsi
567 503 746 560 pulsetur,
767 500 988 545 dissimulet,
1009 512 1080 536 nec

127 558 277 594 Audeat
296 568 471 592 excussos
492 554 538 590 Pr
542 554 643 590 etori
659 553 857 589 ostendere
878 553 1021 598 dentes,

126 609 176 646 Et
197 609 341 657 nigram
363 607 400 642 in
422 605 516 642 facie
536 606 689 642 tumidis
709 604 885 640 livoribus
904 604 1029 649 offam,

128 661 252 709 Atque
270 659 422 696 oculum
442 658 588 694 medico
614 657 664 693 nil
685 655 922 705 promittente
943 655 1125 692 relictum.

128 712 336 749 Bardaicus
352 710 468 759 judex
487 710 595 746 datur
618 710 697 745 hoec
720 708 852 757 punire
873 707 1010 744 volenti

128 764 302 809 Calceus
323 770 360 799 et
379 763 541 809 grandes
561 774 697 809 magna
717 761 762 796 ad
784 759 961 796 subsellia
980 771 1090 805 surae,

129 816 294 864 Legibus
315 815 476 862 antiquis
496 821 701 850 castrorum
735 821 772 848 et
793 825 893 848 more
914 811 1065 848 Camilli

129 868 297 912 Servato,
320 866 425 902 miles
446 879 492 901 ne
513 865 648 901 vallum
671 865 788 912 litiget
807 871 911 900 extra

130 919 179 956 Et
198 918 325 967 procul
347 931 367 954 a
387 917 514 966 signis
573 917 787 952 Justissima
806 915 1082 951 Centurionum

130 971 310 1020 Cognitio
329 978 385 1006 est
405 970 516 1017 igitur
537 969 583 1005 de
605 968 741 1011 milite;
772 980 844 1003 nec
865 967 955 1003 milii
975 967 1094 1003 deerit

131 1023 243 1068 Ultio,
265 1023 294 1058 si
311 1023 420 1071 justae
441 1021 603 1057 defertur
623 1033 738 1056 causa
757 1020 928 1067 querele

131 1074 234 1112 Tota
253 1075 385 1111 cohors
404 1080 530 1109 tamen
551 1080 606 1108 est
627 1073 677 1108 ini
683 1073 791 1117 mica,
811 1083 1016 1118 omnesque
1037 1070 1190 1119 manipli

132 1127 331 1163 Consensu
353 1137 489 1182 magno
511 1124 691 1169 efficiunt,
713 1123 889 1160 curabilis
910 1131 949 1159 ut
969 1123 1014 1159 sit

132 1178 312 1214 Vindicta
331 1185 368 1213 et
389 1177 545 1225 gravior,
565 1189 677 1224 quam
699 1176 842 1224 injuria.
901 1174 1070 1223 Dignum
1089 1175 1159 1210 erit
1178 1172 1268 1222 ergo

132 1229 404 1266 Declamatoris
425 1228 566 1264 mulino
584 1229 695 1264 corde
717 1227 878 1275 Vagelli,

131 1281 264 1321 Quum
285 1282 359 1317 duo
379 1293 487 1317 crura
507 1280 656 1325 habeas,
677 1280 866 1315 offendere
886 1286 938 1315 tot
958 1277 1110 1327 caligas,
1132 1286 1184 1314 tot

134 1333 254 1370 Millia
273 1333 474 1369 clavorum.
529 1332 629 1371 Quis
650 1340 723 1367 tam
744 1331 872 1380 procul
894 1331 990 1367 absit
1009 1331 1055 1366 ab
1076 1330 1176 1366 Urbe
1194 1331 1207 1366 2

133 1385 318 1422 Praeterea
337 1385 419 1433 quis
438 1392 514 1420 tam
535 1384 704 1432 Pylades,
725 1384 859 1419 molem
881 1383 1027 1431 aggeris
1047 1382 1142 1418 ultra

133 1438 182 1474 Ut
202 1438 350 1474 veniat?
380 1437 553 1484 lacrymae
574 1437 762 1471 siccentur
781 1442 972 1483 protenus,
993 1442 1030 1471 et
1050 1447 1089 1470 se

133 1489 388 1526 Excusaturos
408 1501 484 1525 non
505 1489 749 1525 sollicitemus
769 1488 920 1523 amicos.

135 1542 195 1578 Da
215 1549 362 1587 testem,
380 1541 497 1589 judex
516 1553 631 1588 quum
652 1540 808 1576 dixerit:
839 1539 975 1575 audeat
997 1538 1071 1584 ille,

134 1593 278 1631 Nescio
297 1594 392 1642 quis,
413 1605 558 1641 pugnos
578 1593 640 1640 qui
662 1592 763 1637 vidit,
786 1592 925 1636 dicere,
948 1591 1036 1627 Visli
1054 1592 1068 1626 Ἰ

134 1645 184 1682 Et
205 1646 356 1682 credam
377 1645 533 1692 dignum
554 1644 682 1690 barba,
704 1644 934 1692 dignumque
955 1643 1099 1691 capillis

136 1697 334 1747 Majorum.
391 1695 514 1732 Citius
535 1697 665 1732 falsum
687 1697 893 1744 producere
913 1703 1043 1731 testem

135 1749 286 1786 Contra
295 1761 483 1798 paganum
504 1748 634 1806 possis,
656 1761 767 1796 quam
789 1760 874 1783 vera
894 1748 1106 1795 loquentem

135 1801 277 1838 Contra
297 1801 481 1837 fortunam
501 1801 645 1845 armati,
667 1808 868 1847 contraque
888 1800 1080 1848 pudorem.

135 1853 295 1890 Praemia
315 1865 416 1889 nunc
436 1853 520 1898 alia,
537 1859 645 1900 atque
666 1852 737 1888 alia
757 1852 1010 1887 emolumenta
1030 1859 1202 1887 notemus

137 1906 479 1942 Sacramentorum.
535 1904 755 1940 Convallem
777 1903 871 1939 ruris
891 1902 976 1939 aviti

137 1957 346 2006 Improbus‚
367 1963 430 1992 aut
449 1968 622 2004 campum
644 1956 732 1991 mihi
756 1955 784 1991 si
806 1955 952 1991 vicinus
972 1955 1109 1991 ademit

137 2009 186 2046 Et
205 2021 354 2046 sacrum
373 2008 501 2044 effodit
522 2007 645 2044 medio
664 2008 709 2043 de
730 2007 846 2043 limite
867 2019 1014 2053 saxum,

134 2061 252 2100 Quod
272 2073 355 2097 mea
374 2072 459 2096 curn
481 2060 602 2096 vetulo
622 2060 737 2096 coluit
757 2059 838 2108 puls
858 2071 984 2095 annua
1002 2059 1098 2103 lib03

136 2112 293 2150 Debitor
315 2119 377 2148 aut
397 2119 562 2161 sumptos
582 2112 701 2160 pergit
721 2125 796 2148 non
818 2112 972 2147 reddere
993 2123 1178 2158 nummos,

136 2165 247 2201 Vana
266 2164 485 2213 supervacui
505 2164 635 2200 dicens
652 2164 898 2212 chirographa
917 2163 1008 2212 ligni
1024 2176 1031 2200 ε

136 2216 421 2266 Exspectandus
441 2217 522 2262 erit,
543 2216 605 2264 qui
625 2216 707 2252 lites
727 2216 890 2261 inchoet,
911 2227 1032 2251 annus

138 2269 275 2306 Totius
294 2268 421 2317 pepuli
439 2280 446 2303 z
476 2268 541 2304 sed
561 2275 653 2303 tunc
672 2280 818 2315 quoque
838 2267 938 2304 mille
962 2267 1116 2304 serenda

137 2321 286 2366 Taedia,
308 2320 407 2356 mille
429 2331 540 2356 morae
557 2332 566 2364 3
595 2319 705 2356 toties
725 2319 900 2356 subsellia
920 2317 1066 2356 tantum

140 2374 369 2410 Sternuntur
387 2384 394 2415 ;
421 2371 497 2419 J'am
519 2371 682 2408 facundo
702 2378 864 2420 ponente
884 2371 1055 2408 lacernas

139 2424 322 2469 Caedicio,
343 2431 380 2460 et
400 2422 525 2469 Fusco
540 2424 615 2472 jam
638 2423 889 2469 micturiente,
909 2424 1026 2471 parati

139 2476 395 2526 Digredimur,
415 2475 590 2523 lentaque
611 2476 676 2512 fori
698 2487 909 2524 pugnamus
929 2475 1053 2511 arena.

1397 551 1440 585 10

1397 1590 1448 1627 30

1402 2112 1451 2148 40
