1596 2779
412 402 491 451 D.
546 401 781 451 JUNII
833 402 1311 451 JUVENALIS

753 574 972 603 AQUINA'ms

614 722 1109 764 SATIRARUM

651 890 788 921 LIBER
811 890 1067 921 SECUNDUS.

704 1177 913 1215 SATIRA
947 1176 1016 1214 VI.

254 1281 397 1318 Cnnno
417 1281 638 1330 pudicitiam
661 1283 823 1318 Saturno
843 1295 930 1330 rege
950 1289 1130 1318 moratam

201 1333 247 1370 In
267 1333 389 1380 terris,
410 1333 601 1382 visamque
621 1333 700 1380 diti,
721 1347 835 1382 quum
858 1334 992 1383 frigida
1018 1347 1148 1383 parvas

201 1386 393 1423 Praeberet
414 1386 595 1435 spelunca
615 1387 758 1432 domos,
782 1387 995 1435 ignemque,
1016 1387 1219 1435 laremque,

201 1437 249 1475 Et
269 1451 399 1487 pecus,
419 1446 456 1474 et
476 1438 649 1475 dominos
669 1439 860 1475 communi
882 1439 1076 1475 clauderet
1096 1440 1251 1484 umbr5,;

201 1491 417 1527 Silvestrem
439 1499 616 1528 montana
638 1500 759 1527 torum
781 1504 894 1539 quum
917 1498 1098 1527 sterneret
1116 1504 1206 1528 uxor

200 1542 416 1580 Frondibus
435 1551 472 1579 et
493 1543 631 1589 culmo,
654 1544 936 1591 vicinarumque
959 1544 1121 1579 serarum

200 1595 390 1639 Pellibus;
421 1596 521 1631 haud
543 1595 675 1632 similis
696 1596 776 1641 tibi,
798 1596 976 1644 Cynthia,
997 1609 1068 1631 nec
1088 1596 1168 1642 tibi,
1189 1596 1296 1645 cujus

199 1647 386 1684 Turbavit
406 1647 544 1684 nitidos
564 1649 772 1685 exstinctus
792 1662 917 1697 passer
936 1648 1096 1692 ocellos;

200 1701 276 1737 Sed
297 1700 459 1749 potanda
480 1700 602 1736 ferens
625 1701 829 1736 infantibus
851 1700 965 1737 ubera
986 1701 1144 1748 magni&

199 1753 249 1790 Et
269 1751 368 1802 saepe
390 1753 572 1789 horridior
591 1753 769 1802 glandem
792 1761 964 1789 ructante
985 1753 1129 1789 marito.

198 1805 354 1854 Quippe
376 1805 482 1842 aliter
501 1813 593 1842 tunc
609 1807 698 1842 orbe
720 1819 814 1841 novo
834 1805 1003 1853 castoque
1025 1805 1167 1841 recenti

198 1858 388 1895 Vivebant
410 1857 594 1904 homines,
615 1858 676 1906 qui
698 1866 806 1906 rupto
826 1858 956 1894 robore
978 1858 1069 1904 nati,

199 1910 454 1959 Compositive
474 1910 564 1956 luto,
585 1910 707 1947 nullos
729 1910 895 1947 habuere
915 1918 1100 1959 parentes.

199 1962 323 1999 Multa
342 1963 533 2012 pudicitiae
554 1963 687 1999 veteris
708 1963 862 2010 vestigia
884 1963 1019 2009 forsan,
1113 2009 1116 2012 Δ

199 2016 280 2051 Aut
299 2015 423 2064 aliqua
442 2015 665 2060 exstiterint,
685 2023 721 2051 et
741 2015 810 2051 sub
830 2015 944 2060 Jove;
976 2016 1041 2051 sed
1061 2015 1153 2052 Jove
1173 2016 1343 2052 nondum

199 2068 376 2113 Barbam,
398 2068 565 2104 nondum
586 2067 731 2103 Graecis
747 2068 873 2115 jurare
894 2068 1031 2116 paratis

199 2120 271 2157 Per
292 2128 405 2169 caput
425 2120 588 2165 alterius,
609 2133 723 2168 quum
746 2120 863 2156 furem
885 2133 996 2157 nemo
1015 2120 1163 2157 timeret

200 2173 398 2219 caulibus,
419 2181 483 2209 aut
501 2173 634 2221 pomis,
655 2181 691 2209 et
713 2181 840 2221 aperto
860 2173 997 2209 viveret
1018 2173 1136 2209 horto.

199 2225 389 2262 Paulatim
409 2225 547 2262 deinde
569 2225 614 2260 ad
636 2237 791 2273 superos
812 2226 959 2261 Astraea
978 2225 1132 2262 recessit

200 2278 288 2314 Hac
308 2278 458 2324 comite,
479 2285 589 2326 atque
609 2278 692 2313 dure
712 2278 849 2325 pariter
871 2277 1000 2326 fugere
1021 2291 1174 2315 sorores

200 2331 411 2378 Antiquum
432 2337 468 2366 et
488 2338 592 2366 vetus
612 2338 680 2374 est,
702 2330 880 2376 alienum,
901 2330 1092 2376 Postume,
1113 2330 1252 2366 lectum

200 2382 429 2428 Concutere,
450 2390 559 2431 atque
580 2383 674 2419 sacri
695 2383 849 2431 genium
869 2391 1112 2419 contemnere
1135 2383 1253 2419 fulcri.

199 2435 325 2472 Omne
346 2435 445 2471 aliud
467 2436 610 2471 crimen
633 2447 717 2471 mox
739 2435 855 2471 ferrea
876 2435 1027 2484 protulit
1047 2443 1158 2472 antas:

200 2487 388 2525 Viderunt
407 2487 545 2536 primos
565 2496 742 2536 argentea
762 2488 898 2524 saecula
921 2489 1097 2525 mu‘clios.

1470 1753 1519 1789 10

1470 2015 1518 2052 15

1466 2278 1519 2315 20
