1596 2779
604 147 769 183 SATIRA
795 147 873 183 XV.

82 243 166 283 Illic
185 243 377 292 caeruleos,
397 242 461 282 hic
478 246 620 295 piscem
641 246 816 290 fluminis,
837 245 914 283 illic

81 298 231 347 Oppida
249 305 325 335 tota
343 311 476 334 canem
497 307 732 343 venerantur,
753 310 864 334 nemo
886 297 1058 334 Dianam.

82 349 238 387 Porrum
258 358 294 387 et
314 362 416 398 caepe
437 349 540 386 nefas
559 350 708 395 violare,
728 358 764 385 et
785 350 955 398 frangere
976 361 1111 385 morsu„

82 401 118 437 O
139 409 288 438 sanctas
306 409 450 451 gentes,
469 401 604 449 quibus
625 401 706 437 haec
725 409 930 437 nascuntur
951 401 988 437 in
1007 401 1121 437 hortis

86 453 276 489 Numina!
334 453 487 489 Lanatis
507 452 730 488 animalibus
749 453 909 489 abstinet
927 454 1050 489 omnis

82 503 227 541 Mensa.
284 503 403 540 Nefas
422 503 499 540 illic
520 504 648 540 foetum
665 505 836 553 jugulare
857 504 1033 552 capelloe:

82 556 270 592 Carnibus
291 556 463 592 humanis
483 556 581 591 vesci
603 555 700 592 licet.
758 556 930 592 Attonito
949 568 1066 604 quum

82 607 177 644 Tale
198 620 309 656 super
328 619 476 643 coenam
496 607 641 643 facinus
661 615 827 644 narraret
848 607 976 644 Ulixes

81 659 257 705 Alcinoo,
277 659 389 695 bilem
409 667 473 695 aut
492 659 606 694 risum
627 659 779 695 fortasse
795 659 1017 707 quibusdam

82 709 264 757 Moverat,
285 716 326 747 ut
345 710 506 746 mendax
526 711 746 759 aretalogus.
806 711 849 747 In
872 724 973 747 mare
994 723 1105 748 nemo

82 762 198 799 Hunc
219 763 344 808 abicit,
364 764 462 798 saeva
483 763 639 810 dignum
660 764 819 811 veraque
840 763 1044 811 Charybdi,

82 814 113 850 F
117 815 310 863 ingentem
332 815 514 850 immanes
534 814 797 862 Laestrygonas
817 822 927 862 atque
948 811 1165 863 Cyclopas?

81 865 181 902 Nam
202 865 313 903 citius
333 866 584 913 Scyllam‚'vel
605 867 868 902 concurrentia
888 879 977 902 saxa

82 917 267 966 Cyaneas,
287 917 417 966 plenos
438 925 474 953 et
494 918 775 965 tempestatibus
795 926 896 954 utres

81 969 329 1014 Crediderim,
350 976 413 1005 aut
431 969 533 1005 tenui
554 981 769 1018 percussum
792 970 942 1006 verbere
962 969 1106 1015 Circes,

81 1021 131 1057 Et
150 1034 236 1057 cum
256 1021 457 1070 remigibus
476 1020 673 1069 grunnisse
694 1021 880 1069 Elpenora
895 1022 1027 1070 porcis.

83 1072 183 1109 Tam
204 1073 311 1109 vacui
331 1073 463 1121 capitis
482 1073 658 1121 populum
680 1073 840 1109 Phaeaca
860 1073 1027 1122 putavit?

83 1125 147 1161 Sic
168 1123 298 1173 aliquis
318 1123 448 1163 merito
470 1125 636 1161 nondum
656 1125 794 1170 ebrius,
815 1133 852 1161 et
872 1126 1067 1161 minimum
1086 1125 1148 1174 qui

82 1176 141 1213 De
161 1177 359 1224 Corcyraea
380 1184 558 1213 temetum
579 1177 733 1213 duxerat
754 1178 870 1213 urna:

84 1228 194 1265 Solus
214 1229 316 1265 enim
337 1229 407 1265 hoc
428 1228 581 1264 Ithacus
601 1229 701 1265 nullo
721 1229 791 1264 sub
807 1236 900 1265 teste
920 1229 1090 1265 canebat.

82 1280 163 1317 Nos
182 1281 350 1317 miranda
369 1280 533 1328 quidem,
554 1280 618 1316 sed
635 1293 754 1329 nuper
775 1280 940 1317 Consule
961 1281 1079 1319 Junio

81 1333 197 1369 Gesta
217 1345 326 1381 super
347 1332 478 1368 calidoe
501 1332 703 1368 referemus
723 1333 862 1369 moenia
881 1333 1013 1382 Copti;

82 1383 163 1422 Nos
183 1385 282 1433 vulgi
303 1384 439 1429 scelus,
461 1392 497 1420 et
517 1384 665 1420 cunctis
685 1385 854 1433 graviora
873 1386 1077 1422 cothurnis.

81 1435 181 1474 Nam
202 1437 324 1475 scelus
345 1450 365 1472 a
386 1436 541 1484 Pyrrha,
561 1449 773 1484 quanquam
794 1438 921 1474 omnia
941 1445 1102 1486 syrmata
1122 1438 1259 1484 volvas,

81 1487 220 1527 Nullus
241 1489 338 1538 apud
358 1489 518 1536 tragicos
538 1489 695 1541 populus
719 1489 815 1525 facit.
873 1490 1033 1538 Accipe,
1054 1498 1181 1527 nostro

82 1539 174 1578 Dira
192 1541 289 1589 quod
309 1541 520 1593 exemplum
542 1540 666 1580 feritas
685 1542 898 1589 produxerit
919 1554 1006 1578 aevo.

135 1591 237 1632 Inter
257 1592 433 1632 finitimos
454 1600 558 1628 vetus
577 1600 685 1640 atque
706 1593 857 1643 antiqua
877 1594 1058 1641 simultas,

82 1643 297 1680 immortale
316 1644 457 1690 odium,
477 1652 512 1680 et
534 1657 725 1694 nunquam
746 1645 911 1685 sanabile
928 1646 1062 1682 vulnus

81 1696 202 1732 Ardet
222 1696 345 1732 adhuc
366 1696 504 1744 Coptos
524 1703 560 1731 et
580 1695 759 1744 Tentyra.
817 1698 997 1733 Summus
1018 1698 1190 1747 utrinque

81 1746 176 1783 Inde
199 1747 297 1784 furor
318 1748 438 1796 vulgo,
458 1746 559 1795 quod
580 1749 736 1789 numina
755 1749 960 1790 vicinorum

77 1799 172 1835 Odit
192 1807 345 1851 uterque
362 1800 480 1848 locus,
501 1812 612 1848 quum
634 1800 731 1837 solos
750 1801 878 1837 credat
897 1801 1088 1839 habendos

80 1850 174 1888 Esse
195 1852 296 1897 deos,
317 1864 408 1899 quos
428 1851 504 1900 ipse
527 1852 625 1888 colit.
683 1853 758 1888 Sed
779 1861 945 1902 tempore
966 1853 1059 1891 sesto

81 1903 247 1939 Alterius
266 1903 391 1952 populi
410 1903 588 1952 rapienda
607 1905 755 1940 occasio
775 1904 921 1945 cunctis

79 1955 172 1995 Visa
192 1955 431 1995 inimicorum
451 1956 674 2003 prirnoribus
694 1969 738 1992 ac
758 1957 931 2002 ducibus,
951 1969 999 1993 ne

81 2006 227 2044 Laetum
247 2007 474 2054 hilaremque
495 2007 608 2053 diem,
629 2020 676 2043 ne
697 2021 842 2056 magnae
862 2009 1000 2057 gaudia
1020 2021 1138 2047 coenae

77 2058 286 2105 Sentirent‚
306 2058 434 2107 positis
454 2059 500 2094 ad
521 2059 657 2108 templa
676 2067 713 2096 et
731 2061 893 2110 compita
913 2062 1065 2107 mensis,

80 2110 327 2159 Pervigilique
347 2118 440 2156 toro,
460 2123 570 2159 quem
592 2119 701 2153 nocte
722 2125 766 2152 ac
783 2113 870 2149 luce
885 2112 1075 2161 jacentem

77 2163 273 2211 Septimus
294 2163 481 2203 interdum
503 2163 553 2202 sol
573 2163 725 2200 invenit.
783 2164 946 2201 Horrida
966 2163 1057 2202 sane

81 2214 289 2263 AEgyptus:
320 2215 384 2250 sed
405 2214 564 2261 luxuria,
584 2214 765 2264 quantum
788 2216 865 2266 ipse
886 2218 1022 2264 notavi,

80 2266 244 2304 Barbara
264 2266 403 2303 famoso
422 2279 497 2302 non
518 2268 618 2304 cedit
637 2268 745 2304 turba
764 2268 931 2318 Canopo.

82 2318 205 2364 Adde,
225 2316 324 2366 quod
345 2325 381 2354 et
402 2318 518 2354 facilis
539 2319 691 2356 victoria
710 2320 757 2355 de
777 2321 948 2367 madidis,
969 2329 1006 2358 et

79 2369 224 2416 Blaesis,
245 2378 352 2428 atque
373 2382 474 2406 mero
495 2371 752 2408 titubantibus.
809 2371 905 2409 Inde
927 2374 1088 2416 virorum

78 2421 245 2458 saltatus
265 2435 372 2470 nigro
392 2423 558 2469 tibicine,
578 2424 852 2472 qualiacunque

79 2473 294 2522 Unguenta,
315 2482 351 2512 et
371 2473 491 2521 flores,
515 2475 712 2528 multaeque
733 2476 769 2516 in
789 2475 909 2518 >fronte
929 2490 1101 2520 coronaez:

1341 150 1393 191 83

1347 401 1393 438 lo

1347 656 1393 696 15

1343 916 1394 954 20

1342 1178 1394 1214 25

1341 1439 1392 1476 30

1340 1700 1392 1739 35

1340 1959 1391 1996 40

1336 2219 1391 2257 ,45

1335 2480 1390 2522 ,60
