1596 2779
203 176 254 212 70
617 173 657 204 D.
683 173 809 204 JUNII
834 173 1092 204 JUVENALIS

201 267 431 312 Quaesitum,
451 273 488 302 et
499 274 623 314 partos
643 267 767 315 gladio
787 267 841 302 vel
861 267 995 314 pyxide
1016 279 1189 302 nummos
1200 267 1216 301 'l

204 318 297 354 Rari
317 330 451 366 quippe
474 318 581 353 boni:
613 330 790 353 numerus
811 318 869 353 vix
890 327 943 353 est
965 319 1131 364 totidem,
1151 324 1240 365 quot

203 369 422 405 Thebarum
443 376 569 417 pottae,
592 368 648 404 vel
669 369 791 405 divitis
810 369 904 405 ostia
925 368 1016 405 Nili.

202 420 316 456 Nona
335 428 423 456 aetas
444 420 578 468 agitur,
597 421 794 468 pejoraque
815 420 950 455 saecula
972 421 1054 457 ferri

203 471 468 520 TemporibuS,
489 484 644 518 quorum
665 471 796 507 sceleri
818 484 890 507 non
915 472 1057 508 invenit
1077 472 1155 520 ipsa

202 522 353 558 Nomen
374 530 410 558 et
431 535 452 558 a
473 523 574 559 nullo
593 523 715 570 posuit
735 531 867 558 natura
887 523 1047 560 metallo.

203 574 284 609 Nos
304 575 496 610 hominum
517 574 717 621 divumque
738 575 848 610 fidem
869 574 1029 610 clamore
1050 575 1205 620 cicmus,

201 626 358 664 Quanto
379 625 579 661 Faesidium
602 626 728 661 laudat
748 626 885 661 vocalis
905 634 1078 673 agentem

204 677 388 725 Sportula.
446 677 531 722 Dic,
552 678 688 723 senior,
709 677 810 712 bulla
831 677 1063 725 dignissime,
1084 677 1222 723 neseis,

202 728 311 767 Quas
332 729 465 764 habeat
487 729 654 764 Veneres
673 729 795 765 aliena
814 729 1001 776 pecunia?
1031 729 1167 773 nescis,

201 780 329 818 Quem
350 787 413 816 tua
433 780 650 828 simplicitas
670 781 784 815 risum
805 780 916 827 vulgo
935 788 1093 824 moveat,
1115 792 1230 827 quum

203 830 335 879 Exigis
355 844 375 866 a
394 844 592 879 quoquam,
613 844 659 867 ne
679 832 832 880 pejeret,
852 839 888 867 et
907 839 1012 880 putet
1032 832 1116 867 ullis

203 883 296 918 Esse
317 883 463 930 aliquod
486 896 623 918 numen
645 884 805 931 templis,
827 895 971 930 araeque
993 883 1168 919 rubenti?

202 935 409 973 Quondam
430 935 500 970 hoc
520 935 707 983 indigena}
729 935 901 970 vivebant
921 947 1037 980 more,
1058 933 1160 982 prius
1181 933 1294 983 quam

205 987 378 1021 Sumeret
398 999 416 1021 a
447 994 582 1025 restem
602 986 721 1034 posito
741 986 952 1022 diademate
974 987 1104 1022 falcem

206 1039 390 1073 Saturnus
411 999 580 1086 ἐξήψω
611 1045 714 1084 tunc,
735 1051 848 1085 quum
870 1038 1088 1085 virguncula
1107 1037 1222 1084 Juno,

204 1088 252 1124 Et
271 1089 434 1137 privatus
454 1090 578 1125 adhuc
598 1089 708 1125 Idaeis
730 1090 880 1138 Jupiter
901 1090 1027 1125 antris

203 1139 319 1176 Nulla
338 1153 448 1189 super
469 1141 587 1176 nubes
608 1142 777 1177 convivia
796 1140 1065 1186 coelicolarum,

202 1190 288 1226 Nec
307 1204 398 1238 puer
420 1192 575 1236 Iliacus,
597 1193 755 1230 formosa
775 1206 846 1228 nec
866 1192 1043 1229 Herculis
1064 1204 1159 1230 uxor

204 1242 265 1277 Ad
286 1243 451 1290 cyathos,
471 1249 508 1277 et
522 1242 598 1290 jam
620 1242 759 1278 siccato
775 1248 926 1277 nectare
946 1249 1095 1289 tergens

203 1293 363 1329 Brachia
383 1293 578 1329 Vulcanus
598 1293 767 1342 Liparaea
787 1294 894 1341 nigra
913 1294 1078 1329 taberna.

204 1345 415 1381 Prandebat
434 1345 503 1381 sibi
523 1345 677 1393 quisque
697 1346 804 1390 deus,
825 1357 895 1381 nec
915 1345 1023 1380 turba
1043 1345 1198 1381 deorum

203 1397 323 1442 Talis,
345 1404 384 1432 ut
403 1404 459 1433 est
478 1397 602 1442 hodie,
623 1404 872 1444 contentaque
892 1397 1015 1432 sidera
1033 1396 1164 1444 paucis

204 1448 434 1484 Numinibus
455 1449 631 1484 miserum
653 1449 862 1497 urguebant
883 1448 1037 1484 Atlanta
1056 1448 1191 1484 minori

203 1499 385 1536 Pondere.
442 1499 622 1536 Nondum
644 1500 775 1548 aliquis
796 1501 944 1536 sortitus
964 1500 1066 1535 triste
1086 1499 1259 1548 profundi

204 1551 422 1599 Imperium,
439 1559 502 1587 aut
522 1552 651 1587 Sicula
672 1559 796 1588 torvus
816 1564 901 1587 cum
923 1551 1082 1600 conjuge
1103 1551 1249 1587 Pluton.

203 1602 288 1638 Nec
309 1610 399 1648 rota,
420 1616 491 1639 nec
512 1603 649 1649 Furiae,
670 1616 741 1639 nec
761 1616 904 1648 saxum,
926 1611 989 1639 aut
1009 1603 1162 1639 vulturis
1182 1603 1251 1640 atri

204 1655 320 1691 Poena
338 1667 345 1698 ;
376 1655 440 1690 sed
461 1655 617 1690 infernis
637 1655 772 1691 hilares
792 1656 871 1691 sine
893 1655 1042 1703 regibus
1062 1655 1214 1691 umbrae.

204 1705 426 1755 Improbitas
447 1706 507 1743 illo
527 1707 594 1742 suit
614 1707 841 1742 admirabilis
862 1718 950 1742 aevo.

203 1758 419 1794 Credebant
439 1758 509 1793 hoc
530 1759 670 1806 grande
692 1759 808 1804 nefas,
829 1766 865 1794 et
885 1765 1002 1793 morte
1021 1758 1214 1806 piandum,

205 1809 245 1845 Si
262 1809 408 1858 juvenis
429 1809 549 1845 vetulo
570 1823 644 1845 non
665 1811 924 1846 adsurrexerat
943 1817 979 1845 et
998 1810 1028 1845 si

203 1861 363 1898 Barbato
383 1861 593 1909 cuicunque
613 1874 718 1909 puer,
738 1860 829 1897 licet
849 1861 925 1909 ipse
947 1861 1086 1896 videret

204 1912 315 1948 Plura
335 1913 435 1948 domi
456 1912 570 1961 fraga,
586 1920 623 1949 et
642 1913 799 1962 majores
817 1912 964 1961 glandis
983 1925 1145 1948 acervos.

204 1964 304 2000 Tam
325 1964 534 1999 venerabile
556 1973 634 2001 erat
652 1965 863 2012 praecedere
884 1971 1040 2011 quatuor
1060 1963 1183 2010 annis,

204 2015 400 2063 Primaque
420 2028 485 2063 par
506 2014 600 2052 adeo
621 2029 735 2051 sacrae
756 2016 894 2063 lanugo
913 2022 1075 2051 seneetae
1092 2016 1099 2051 !

204 2067 333 2110 Nune,
354 2067 383 2102 si
405 2067 613 2114 depositum
633 2080 708 2103 non
729 2067 907 2102 infitietur
928 2066 1084 2111 amicus,

206 2119 247 2154 Si
268 2119 399 2153 reddat
417 2125 578 2153 veterem
599 2131 686 2153 cum
706 2118 782 2154 tota
805 2118 969 2166 aerugine
991 2117 1132 2163 follem,

206 2170 424 2217 Prodigiosa
445 2169 549 2215 fides,
569 2177 606 2206 et
626 2170 765 2205 Tuscis
787 2170 901 2217 digna
920 2169 1067 2215 libellis,

204 2220 379 2268 Quaeque
400 2221 577 2256 coronata
597 2221 745 2257 lustrari
763 2221 896 2257 debeat
916 2221 1024 2269 agna.

206 2271 414 2320 Egregium
435 2280 681 2320 sanctumque
702 2273 821 2308 virum
841 2272 871 2308 si
891 2285 1017 2318 cerno,
1040 2271 1221 2307 bimembr

207 2323 292 2359 Hoc
313 2331 518 2359 monstrum
537 2336 665 2372 puero,
687 2331 750 2360 aut
770 2323 917 2360 miranti
938 2324 1007 2359 sub
1023 2331 1143 2360 aratro

207 2375 380 2410 Piscibus
401 2375 573 2421 inventis,
594 2382 631 2411 et
652 2376 748 2411 foetae
769 2388 942 2424 comparo
964 2375 1088 2421 mulce,

209 2426 412 2472 Sollicitus,
433 2433 609 2474 tanquam
631 2427 773 2475 lapides
792 2426 964 2463 effuderit
985 2427 1118 2474 imber,

207 2477 423 2514 Exainenve
444 2478 568 2527 apium
588 2478 700 2527 longa
721 2479 933 2515 consederit
953 2479 1025 2514 uva

1458 524 1509 558 30

1459 1036 1510 1072 40

1460 1292 1512 1328 45

1460 1550 1512 1586 50

1461 2065 1513 2102 60

1459 2323 1512 2359 65
