1596 2779
156 155 209 195 92
609 159 647 190 Α.
674 158 818 191 Γεῐὶςιι
846 159 1004 192 FLACCI

211 251 420 288 Scribimus
441 252 589 299 inclusi,
610 266 785 290 numeros
806 255 880 301 illo,
902 255 963 291 hic
983 255 1077 303 pede
1097 254 1204 300 liber,

157 302 308 340 Grande
331 304 480 352 aliquid,
501 305 598 352 quod
619 305 744 353 pulmo
765 307 898 342 animm
918 307 1120 355 praelargus
1139 305 1300 343 anhelet.

159 355 313 391 Scilicet
333 356 413 391 liaec
433 356 580 404 populo,
601 369 789 405 pexusque
809 359 968 406 togaque
989 361 1143 404 recenti,

162 407 207 443 Et
226 407 395 443 natalitia
415 408 565 444 tandem
586 421 674 445 cum
693 410 938 457 sardonyche,
960 410 1065 445 albus

159 458 257 495 Sede
278 459 379 507 leges
400 459 512 505 celsa,
534 459 673 507 liquido
688 472 802 509 quum
822 461 1005 510 plasmate
1025 471 1151 513 guttur

159 509 299 547 Mobile
320 510 505 556 collueriS,
523 512 682 560 patranti
703 512 839 548 fractus
857 513 987 549 ocello.

160 561 235 598 Hie
255 575 375 610 neque
397 573 496 599 more
516 562 630 611 probo
650 562 774 600 videas
794 575 914 612 neque
935 577 1023 600 voce
1043 564 1173 600 serena

160 609 337 662 Ingentes
357 615 541 664 trepidare
562 615 684 661 Titos,
704 627 818 662 quum
839 615 1005 652 carmina
1026 616 1196 652 lumbum

160 665 316 711 Intrant,
337 675 374 703 et
393 667 550 703 tremulo
570 668 784 716 scalpuntur
805 668 867 703 ubi
889 667 1019 704 intima
1040 680 1157 704 versu.

157 714 274 763 Tun’,
296 718 429 762 vetule,
451 718 628 755 auriculis
644 717 775 755 alienis
791 719 935 767 colligis
955 720 1084 755 escas?

159 769 363 814 Auriculis,
383 769 520 818 quibus
539 778 576 806 et
595 771 804 820 dicas-cute
825 772 1002 819 perditus,
1022 771 1120 807 ohe?

158 822 269 860 ‘Quo
289 822 477 868 didicisse,
499 821 569 857 nisi
591 823 660 859 hoc
682 823 905 859 fermentum
925 830 962 858 et
980 835 1061 870 quae
1082 822 1194 859 semel
1217 822 1315 859 intus

159 869 293 910 Innata
307 883 375 920 est,
397 884 504 922 rupto
519 875 645 923 jecore
665 874 797 910 exierit
817 875 1015 923 caprificus
1027 875 1053 910 Τ

159 925 217 961 En
237 926 350 974 pallor
371 926 614 974 seniumque!
645 926 681 962 O
703 927 844 962 mores!
878 939 992 974 usque
1014 924 1158 962 adeone
1191 941 1193 943 ·

158 978 265 1014 Scire
285 986 390 1014 tuum
411 977 502 1014 nihil
524 986 592 1024 est,
614 978 684 1014 nisi
705 987 740 1014 te
761 979 856 1015 scire
877 979 947 1014 hoc
968 978 1060 1014 sciat
1076 977 1196 1014 alter?

157 1033 167 1048 ‘
184 1030 235 1066 At
254 1029 452 1078 pulchrum
473 1038 528 1066 est
548 1031 664 1079 digito
683 1031 891 1074 monstrari,
912 1038 948 1066 et
968 1030 1098 1075 dicier,
1120 1029 1195 1066 Hic
1214 1030 1294 1066 est!

156 1079 255 1117 Ten’
277 1082 497 1118 cirratorum
517 1091 669 1119 centum
691 1083 828 1119 dictata
850 1082 963 1118 fuisse

157 1131 230 1171 Pro
250 1135 365 1171 nihilo
385 1136 528 1184 pendas
544 1136 568 1172 l’
626 1135 728 1171 Ecce
750 1135 845 1171 inter
865 1134 1000 1184 pocula
1019 1140 1189 1181 quaerunt

158 1186 372 1223 Romulidae
394 1187 522 1232 saturi,
543 1187 631 1235 quid
653 1187 712 1223 dia
731 1189 907 1235 poemata
926 1193 1088 1221 narrent.

159 1239 236 1275 Hic
258 1239 401 1287 aliquis,
423 1239 483 1275 cui
505 1239 648 1275 circum
668 1239 843 1274 humeros
863 1237 1108 1285 hyacinthina
1127 1237 1223 1273 laena
1242 1244 1311 1282 est,

159 1291 419 1327 Rancidulum
439 1291 617 1340 quiddam
637 1290 747 1326 balba
767 1290 812 1325 de
834 1303 922 1326 nare
942 1289 1102 1334 locutus,

159 1343 360 1391 Phyllidas,
383 1343 623 1391 Hypsipyla5‚
644 1350 768 1378 vatum
789 1349 826 1377 et
845 1341 1023 1389 plorabile
1043 1340 1072 1376 si
1097 1340 1201 1389 quid,

158 1395 321 1442 Eliquat,
342 1403 378 1431 et
397 1403 525 1431 tenero
546 1395 754 1443 supplantat
776 1394 886 1430 verba
904 1392 1036 1441 palato.

159 1447 368 1484 Assensere
391 1448 454 1483 viri
473 1460 479 1482 :
510 1459 611 1482 nunc
632 1459 707 1483 non
727 1446 823 1482 cinis
843 1445 904 1481 ille
923 1447 1044 1495 pocta}

160 1499 265 1535 Felix
283 1501 296 1535 Ἰ
326 1512 399 1535 non
421 1499 533 1535 levior
553 1499 684 1547 cippus
704 1510 806 1534 nunc
828 1496 1005 1546 imprimit
1024 1496 1135 1533 ossa?

159 1551 333 1587 Laudant.
353 1551 517 1587 eonvivae
536 1563 543 1586 τ
573 1563 677 1587 nunc
697 1563 770 1586 non
792 1563 812 1585 e
834 1549 1004 1585 manibus
1025 1549 1114 1594 illis,

160 1603 276 1639 Nunc
296 1617 370 1639 non
392 1617 412 1639 e
433 1603 576 1639 tumulo
595 1602 855 1649 fortunataque
877 1601 1001 1637 favilla

161 1655 374 1691 Nascentur
394 1655 498 1691 violae
515 1656 526 1690 ἶ
583 1654 715 1698 Rides,
737 1654 799 1698 ait,
819 1661 856 1689 et
875 1653 986 1689 nimis
1007 1653 1116 1688 uncis

160 1707 325 1744 Naribus
346 1707 529 1754 indulges.
587 1708 649 1742 An
669 1706 752 1750 erit,
772 1705 834 1753 qui
856 1705 948 1741 velle
968 1712 1116 1740 recuset

159 1760 215 1796 Os
231 1759 355 1808 populi
378 1758 557 1794 meruisse
573 1759 586 1794 'l
615 1766 665 1803 ct,
685 1759 798 1794 cedro
817 1757 932 1804 digna
946 1757 1106 1800 locutus,

160 1812 348 1859 Linquere
369 1824 439 1846 nec
459 1811 648 1846 scombros
668 1809 873 1845 metuentia
892 1807 1072 1852 carmina,
1092 1819 1162 1843 nec
1182 1806 1296 1843 thus?

159 1863 344 1911 Quisquis
363 1876 417 1907 es,
438 1863 474 1898 O
491 1860 601 1898 modo
622 1874 732 1909 quem
749 1874 794 1897 ex
815 1861 969 1897 adverso
988 1859 1113 1895 dicere
1133 1858 1217 1904 feci,

162 1915 248 1951 Non
269 1928 350 1963 ego,
371 1927 484 1962 quum
505 1914 641 1958 scribo,
662 1913 691 1949 si
714 1911 805 1949 sorte
826 1912 913 1960 quid
935 1912 1055 1960 aptius
1076 1911 1164 1956 exit,

159 1967 327 2007 Quando
347 1968 428 2003 haec
448 1980 529 2004 rara
545 1966 621 2002 avis
640 1973 709 2010 est,
730 1965 759 2001 si
779 1965 866 2013 quid
887 1972 1010 2000 tamen
1033 1963 1154 2012 aptius
1174 1961 1262 2008 exit,

162 2019 323 2056 Laudari
345 2026 507 2055 metuam
564 2030 684 2065 neque
704 2017 805 2053 enim
825 2016 915 2052 milii
937 2028 1073 2052 cornea
1092 2014 1184 2051 fibra
1203 2021 1280 2050 est:

163 2072 238 2108 Sed
259 2071 350 2108 recti
372 2070 557 2118 finemque
578 2078 859 2116 extremumque
879 2080 960 2104 esse
979 2079 1112 2104 recuso

162 2124 275 2160 Emi:
316 2131 422 2159 tuum
438 2131 475 2159 et
507 2134 653 2158 BELLE:
683 2133 770 2157 nam
791 2132 914 2156 narmi:
937 2120 1006 2155 hoc
1021 2125 1155 2155 excute
1174 2124 1316 2154 totum:

161 2175 268 2214 Quid
291 2187 365 2210 non
387 2174 487 2210 intus
509 2173 649 2209 habet?
679 2185 753 2209 non
771 2172 832 2208 hic
852 2178 908 2208 est
929 2170 1018 2207 Ilias
1039 2169 1137 2206 Acci

163 2227 278 2264 Ebria
293 2227 461 2263 vorati-ol
492 2238 566 2262 non
587 2225 617 2261 si
636 2238 708 2273 qua
724 2224 884 2272 elegidia
904 2223 1010 2259 crudi

164 2279 366 2316 Dictarunt
384 2290 556 2327 proceres
569 2278 582 2313 ’ἔ
612 2289 686 2313 non
706 2275 883 2326 quicquid
904 2275 1064 2322 denique
1083 2273 1192 2310 lectis

165 2331 350 2367 Scribitur
371 2331 406 2367 in
428 2329 580 2366 citreis?
635 2329 811 2365 Calidum
833 2327 907 2364 scis
926 2339 1062 2375 ponere
1083 2338 1238 2362 sumen:

166 2383 250 2420 Scis
269 2382 446 2419 comitem
467 2381 697 2417 horridulum
718 2380 803 2416 trita
823 2380 961 2416 donare
982 2377 1134 2414 lacerna
1151 2389 1159 2413 t

165 2435 226 2480 Et,
248 2435 403 2479 Verum,
425 2434 559 2482 inquis,
580 2445 687 2469 amo:
718 2444 843 2467 verum
866 2431 955 2467 mihi
976 2430 1090 2466 dicite
1111 2430 1157 2466 de
1177 2441 1248 2465 me.

164 2487 246 2527 Qui
267 2486 380 2536 luite?
411 2486 464 2522 vis
484 2485 633 2521 dicam?
663 2484 831 2533 nugaris,
851 2495 964 2531 quum
987 2481 1069 2528 tibi,
1089 2481 1206 2527 calve,

1409 358 1457 395 15

1405 615 1458 652 20

1407 874 1459 910 25

1409 1132 1462 1170 30

1412 1651 1463 1688 40
