1596 2779
592 151 755 182 sA‘mRA
781 150 878 181 xiv.
1337 153 1385 188 81

85 247 242 284 Sorbere
262 254 348 283 ante
369 246 494 282 cibum
513 245 611 293 quod
630 245 764 281 debeat
783 252 819 280 et
837 251 940 292 pater
959 250 997 279 et
1011 255 1088 279 rex.
1310 244 1390 279 255

84 298 253 335 Monstro
275 299 498 346 voluptatem
519 297 722 345 egregiam,
743 297 804 331 cui
827 295 930 331 nulla
950 296 1108 340 theatra,

83 349 199 386 Nulla
219 362 364 397 aequare
383 362 497 396 queas
516 347 688 384 Praetoris
706 347 847 395 pulpita
867 347 970 392 lauti,

84 402 124 437 Si
146 409 303 450 spectes,
319 408 457 448 quanto
477 399 608 448 capitis
627 399 842 434 discrimine
862 405 1033 434 constent

84 453 324 489 Incrementa
343 452 488 496 domus,
511 451 622 487 aerata
642 450 808 486 multus
800 463 837 485 in
859 462 946 485 arca

84 504 229 549 Fiscus,
249 512 286 539 et
305 504 350 539 ad
372 503 521 551 vigilem
541 502 705 550 ponendi
725 501 881 537 Castora
902 500 1059 546 nummi,
1313 499 1392 535 260

83 555 140 592 Ex
158 568 231 604 quo
253 554 354 591 Mars
374 555 467 591 ultor
482 554 626 603 galeam
646 565 791 600 quoque
812 553 983 601 perdidit,
1004 560 1041 588 et
1060 564 1119 588 res

82 607 170 644 Non
191 607 309 655 potuit
328 619 472 642 servare
491 618 586 642 suas.
642 603 744 652 Ergo
759 605 885 640 omnia
906 603 1025 640 Florae

82 659 131 695 Et
150 658 299 694 Cereris
319 658 406 694 licet
425 666 461 694 et
478 657 640 705 Cybeles
660 656 779 692 aulaea
799 656 1009 703 relinquas:

82 710 210 747 Tanto
231 710 388 758 majores
409 710 573 745 humana
592 708 741 756 negotia
761 707 849 742 ludi.

135 763 198 798 An
220 760 337 810 magis
355 761 546 797 oblectant
566 760 731 795 animum
748 759 889 807 jactata
904 766 1056 807 petauro
1313 758 1394 793 ‘265

82 815 258 862 Corpora,
277 813 415 861 quique
433 813 525 849 solet
544 819 685 848 rectum
706 811 935 846 descendere
956 810 1095 856 funem,

81 864 211 904 Quam
231 872 284 909 tu,
305 864 466 912 Corycia
486 876 631 911 semper
650 863 712 910 qui
731 875 852 910 puppe
873 863 1024 898 moraris

82 918 209 965 Atque
230 916 387 959 habitas,
407 916 506 951 Coro
525 927 671 963 semper
691 914 875 949 tollendus
893 921 931 949 et
950 914 1103 959 Austro,

83 969 254 1005 Perditus
273 980 317 1003 ac
337 968 416 1003 vilis
431 967 532 1002 sacci
553 973 733 1002 mercator
751 965 902 1008 olentis3

81 1020 162 1059 Qui
183 1020 324 1068 gaudes
344 1019 482 1068 pingue
503 1018 662 1065 antiquae
683 1017 730 1053 de
752 1017 872 1053 littore
894 1017 1016 1052 Cretae
1315 1016 1393 1052 270

83 1069 239 1108 Passuin
259 1078 296 1106 et
316 1070 524 1118 municipes
542 1069 645 1105 Jovis
665 1069 857 1104 advexisse
878 1068 1058 1116 lagenas?

85 1122 161 1159 Hic
181 1130 305 1158 tamen
326 1122 479 1170 ancipiti
499 1121 618 1170 figens
637 1120 791 1168 vestigia
810 1120 936 1168 planta

83 1175 237 1211 Victum
260 1174 322 1210 illa
342 1174 515 1209 mercede
534 1181 650 1221 parat,
672 1173 913 1219 brumamque
934 1171 1145 1219 famemque

83 1225 154 1262 Illa
174 1233 270 1261 reste
290 1233 417 1261 cavet:
446 1233 486 1261 tu
507 1232 653 1272 propter
673 1223 772 1259 mille
792 1223 930 1259 talenta

83 1277 132 1314 Et
152 1285 303 1313 centum
324 1277 426 1312 villas
447 1276 675 1312 temerarius.
732 1274 898 1322 Adspice
918 1282 1045 1322 portus
1312 1274 1391 1309 275

83 1329 131 1366 Et
149 1329 301 1377 plenum
322 1328 467 1376 magnis
486 1327 652 1363 trabibus
672 1339 793 1369 mare;
824 1326 906 1374 plus
927 1326 1118 1362 hominum
1139 1331 1194 1362 est
1208 1325 1285 1374 jam

84 1380 130 1417 In
150 1380 304 1429 pelago.
334 1380 458 1416 veniet
476 1379 617 1423 classis,
638 1376 862 1426 quocunque
883 1378 1023 1413 vocarit

84 1432 178 1480 Spes
197 1432 303 1476 lucri,
325 1444 396 1467 nec
416 1431 447 1466 C
452 1431 659 1479 arpathium
679 1429 900 1476 Gaetulaque
919 1427 1065 1465 tantum

84 1484 249 1532 AEquora
268 1483 481 1526 transsiliet,
502 1483 580 1527 sed,
601 1480 711 1530 longe
733 1481 850 1529 Calpe
872 1481 1015 1527 relicta,

84 1536 225 1572 Audiet
246 1535 433 1571 Herculeo
452 1534 669 1570 stridentem
689 1533 835 1581 gurgite
855 1532 980 1568 solem.
1314 1531 1393 1567 280

82 1587 234 1623 Grande
254 1598 375 1635 operte
397 1586 555 1634 pretium
575 1593 643 1630 est,
665 1593 704 1620 ut
723 1592 828 1620 tenso
849 1584 933 1620 folle
954 1584 1087 1620 reverti

83 1637 180 1674 Inde
200 1638 352 1674 domum
372 1638 501 1686 possis,
521 1637 737 1684 tumidaque
758 1636 939 1684 superbus
959 1636 1072 1680 aluta,

82 1689 230 1726 Oceani
252 1698 414 1725 monstra
433 1697 470 1725 et
485 1689 642 1736 juvenes
662 1688 796 1723 vidisse
817 1688 990 1723 marinos.

83 1741 171 1778 Non
193 1753 289 1778 unus
308 1749 452 1777 mentes
472 1741 586 1789 agitat
606 1741 714 1776 furor.
771 1739 839 1780 Ille
859 1739 993 1775 sororis

84 1793 142 1829 In
150 1793 324 1830 manibus
344 1793 446 1829 vultu
468 1792 721 1828 Eumenidum
741 1798 898 1827 terretur
920 1799 956 1827 et
976 1789 1076 1839 igni·
1314 1790 1393 1826 285

85 1845 160 1882 Hic
181 1845 272 1881 bove
293 1857 472 1893 percusso
493 1844 637 1892 mugire
659 1844 948 1891 Agamemnona
968 1843 1088 1878 credit

85 1897 163 1933 Aut
183 1896 368 1933 Ithacum.
425 1874 579 1931 Parcas³
577 1895 714 1931 tunicis
733 1892 823 1930 licet
842 1902 952 1942 atque
972 1893 1144 1939 lacernis,

84 1949 278 1985 Curatoris
299 1955 396 1996 eget,
417 1948 479 1995 qui
501 1960 570 1983 nav
574 1960 632 1982 em
654 1946 841 1981 mercibus
862 1945 989 1993 implet

85 2001 146 2036 Ad
167 2012 354 2036 summurn
374 1999 482 2044 latus,
502 2008 538 2035 et
557 1998 683 2034 tabula
704 1997 943 2045 distinguitur
964 1997 1087 2039 unda;

82 2052 216 2091 Quum
237 2052 283 2088 sit
302 2063 416 2087 causa
436 2051 520 2086 mali
541 2050 649 2095 tanti,
671 2057 708 2085 et
727 2048 956 2085 discriminis
977 2049 1098 2096 hujus,
1317 2048 1395 2084 290

84 2104 291 2140 Concisum
312 2111 509 2151 argentum
531 2103 567 2138 in
588 2102 714 2138 titulos
731 2101 918 2148 faciesque
940 2100 1114 2137 minutas.

84 2155 302 2191 Occurrunt
321 2154 439 2190 nubes
458 2162 494 2190 et
515 2153 671 2202 fulgura.
730 2153 867 2189 Solvite
889 2153 1028 2197 funem,

86 2207 283 2243 Frumenti
303 2206 477 2242 dominus
496 2206 632 2242 clamat
650 2205 859 2253 piperisque
879 2203 1042 2252 coempti
1059 2217 1066 2248 ;

86 2257 150 2295 Nil
171 2258 271 2295 color
292 2258 353 2293 hic
373 2258 471 2302 coeli,
491 2258 542 2293 nil
563 2257 678 2293 fascia
698 2257 804 2304 nigra
824 2256 1010 2299 minatur;

87 2309 272 2347 AEstivum
293 2317 406 2346 tonat.
463 2309 597 2345 Infelix
618 2309 689 2344 haic
710 2308 860 2344 forsitan
882 2308 961 2355 ipsa
1318 2304 1397 2341 295

86 2361 210 2398 Nocte
230 2361 339 2397 cadet
361 2361 484 2397 fractis
503 2361 681 2404 trabibus,
701 2359 890 2406 fluctuque
910 2365 1100 2407 premetur

86 2412 268 2458 Obrutus,
288 2421 325 2449 et
346 2425 480 2449 zonam
500 2413 591 2448 laeva
611 2423 808 2458 morsuque
828 2411 980 2447 tenebit.

87 2464 163 2501 Sed
183 2464 288 2513 cujus
309 2465 400 2501 votis
419 2462 529 2501 modo
549 2476 623 2500 non
644 2463 841 2499 suffecerat
860 2474 1003 2507 aurum,
