1596 2779
146 157 198 195 86
560 159 600 189 D.
626 158 752 190 JUNH
777 160 1036 191 JUVENALIS

146 251 312 299 Virginis
330 252 505 297 occurrit,
525 252 580 288 vel
602 253 698 289 terra
720 253 905 290 clauditur
926 254 1059 299 infans,

146 301 193 339 Et
213 304 332 339 minor
353 304 438 350 igne
459 304 549 351 rogi.
604 304 705 343 Quis
723 306 823 341 enim
846 306 964 341 bonus
984 314 1020 342 et
1041 306 1120 342 face
1140 305 1277 354 dignus
1377 305 1450 342 14ss

146 355 311 399 Arcana,
331 355 478 402 qualem
499 355 647 392 Cereris
667 357 741 393 vult
762 369 842 393 esse
862 358 1047 403 sacerdos,

147 405 228 442 Ulla
248 407 369 442 aliena
388 407 457 442 sibi
478 407 605 444 credat
624 408 749 444 mala?
805 410 960 457 Separat
981 409 1050 445 hoc
1071 422 1138 445 nos

112 467 115 470 ’
144 458 179 493 A
201 470 313 506 grege
334 466 534 504 mutorum,
555 467 663 506 atque
685 460 768 496 ideo
787 461 996 497 venerabile
1017 461 1083 498 soli

144 510 271 546 Sortiti
292 511 497 558 ingenium,
515 511 794 559 divinorumque
815 524 984 560 capaces,

146 562 269 609 Atque
289 563 507 598 exercendis
527 563 792 611 capiendisque
813 564 952 600 artibus
972 565 1061 613 apti,
1379 564 1451 600 145

145 613 305 649 Sensum
322 626 343 649 a
362 614 504 650 coelesti
525 615 727 650 demissum
748 616 927 652 traximus
949 629 1049 661 arce,

144 665 264 712 Cujus
282 674 394 713 egent
413 679 527 713 prona
549 675 583 702 et
606 675 739 703 terram
761 668 978 715 spectantia.
1037 667 1173 704 Mundi

146 716 335 764 Principio
355 718 507 754 indulsit
527 720 738 754 communis
758 720 927 755 conditor
948 720 1020 755 illis

144 767 313 805 Tantum
335 769 490 814 animas,
512 771 619 806 nobis
639 771 805 806 animum
827 783 985 818 quoque,
1009 778 1160 806 mutuus
1179 778 1220 807 ut
1239 783 1308 807 nos

147 820 317 856 Affectus
337 829 462 870 petere
482 822 658 858 auxilium
680 830 718 857 et
736 831 911 870 praestare
927 823 1088 871 juberet,
1380 821 1453 858 150

146 871 261 920 Dispe
266 886 343 909 rsos
363 874 537 909 trahere
529 887 567 910 in
588 874 778 923 populur,
743 888 763 909 ,i
799 875 958 923 migrare
979 882 1123 910 vetusto

146 922 202 959 De
222 937 386 969 nemore,
403 934 439 961 et
458 926 601 974 proavis
622 927 653 962 h·
648 926 803 962 tbitatas
822 927 988 974 linquere
1008 926 1120 962 silvas

144 975 350 1012 AEdificare
371 977 511 1023 domos,
533 978 690 1014 Laribus
706 978 934 1026 conjungere
954 977 1088 1014 nostris

143 1025 310 1064 Tectum
329 1029 443 1075 aliud,
465 1038 562 1065 tutos
584 1031 706 1066 xicino
726 1030 854 1066 limine
874 1043 1023 1066 somnos

145 1080 193 1116 Ut
214 1081 347 1117 collata
367 1081 470 1117 daret
491 1081 648 1126 fiducia3
678 1090 870 1130 protegere
891 1082 1001 1117 armis
1381 1080 1455 1116 155

145 1133 307 1180 Lapsum
330 1140 392 1168 aut
412 1133 554 1181 ingenti
576 1141 767 1169 nutantem
789 1134 940 1169 vulnere
960 1133 1096 1178 civem,

145 1185 347 1220 Communi
370 1186 459 1221 dare
479 1186 585 1234 signa
604 1186 707 1230 tuba,
729 1186 921 1222 defendier
940 1184 1061 1220 isdem

145 1236 344 1281 Turribus,
366 1245 473 1285 atque
495 1238 568 1273 una
588 1245 774 1285 portarum
795 1237 897 1273 clave
917 1237 1046 1273 teneri.

147 1289 222 1324 Sed
240 1289 317 1336 jam
337 1297 548 1337 serpentum
572 1289 684 1337 major
704 1290 914 1325 concordia.
972 1288 1096 1324 Parcit

145 1341 326 1388 Cognatis
347 1341 503 1377 maculis
523 1341 654 1376 similis
675 1341 763 1377 fera.
815 1340 983 1378 Quando
1002 1340 1100 1376 leoni
1384 1339 1459 1375 160

150 1392 293 1429 Fortior
311 1393 445 1441 eripuit
465 1394 576 1429 vitam
597 1393 680 1429 leo?
709 1406 782 1440 quo
803 1405 955 1429 nemore
976 1404 1142 1439 unquam

149 1444 357 1492 Exspiravit
377 1458 463 1493 aper
485 1445 633 1493 majoris
652 1445 826 1481 dentibus
848 1445 957 1492 apri?

150 1496 280 1532 Indica
301 1497 404 1544 tigris
425 1497 501 1544 agit
520 1497 649 1532 rabida
669 1509 756 1532 cum
776 1497 910 1545 tigride
930 1508 1062 1544 pacem

148 1548 370 1596 Perpetuam
388 1562 395 1584 2
425 1549 530 1584 saevis
549 1549 645 1584 inter
664 1562 703 1584 se
723 1548 898 1585 convenit
918 1548 1024 1583 ursis.

150 1601 221 1636 Ast
241 1601 382 1636 homini
404 1600 540 1636 ferrum
561 1601 669 1637 letale
691 1601 828 1637 incude
848 1600 1012 1637 nefanda
1383 1598 1456 1634 165

150 1651 372 1689 Produxisse
391 1665 522 1700 parum
538 1660 615 1695 est;
645 1665 758 1710 quum
780 1660 896 1688 rastra
915 1659 952 1687 et
972 1651 1118 1687 sarcula
1137 1648 1282 1687 tantum

149 1704 302 1739 Assueti
323 1716 496 1761 coquere,
517 1712 554 1740 et
573 1704 703 1740 marris
719 1717 763 1739 ac
783 1716 930 1740 vomere
951 1703 1037 1738 lassi

150 1756 363 1791 Nescierint
383 1756 490 1803 primi
509 1756 652 1804 gladios
671 1756 876 1792 extundere
899 1755 1000 1791 fabri.

150 1807 394 1855 Adspicimus
413 1808 581 1856 populos,
600 1820 758 1854 quorum
778 1821 853 1843 non
873 1807 1009 1843 sufficit
1026 1806 1089 1842 irae

148 1859 346 1895 Occidisse
367 1859 525 1906 aliquem
543 1873 550 1904 ;
580 1860 643 1894 sed
665 1866 829 1907 pectora,
847 1859 1012 1904 brachia,
1031 1858 1172 1893 vultum
1386 1856 1458 1892 170

149 1911 388 1947 Crediderint
407 1924 527 1959 genus
542 1924 624 1947 esse
645 1911 732 1947 cibi.
786 1911 893 1949 Quid
915 1910 1056 1946 diceret
1075 1908 1179 1957 ergo,

151 1963 218 1999 Vel
240 1962 313 2011 quo
334 1976 408 1999 non
430 1963 587 2011 fugeret,
608 1963 637 1999 si
658 1975 760 1999 nunc
781 1963 861 1998 haec
883 1970 1045 1998 monstra
1065 1962 1206 1997 videret

150 2015 390 2063 Pythagoras,
411 2015 559 2050 cunctis
579 2015 801 2051 animalibus
823 2014 1000 2050 abstinuit
1019 2013 1080 2061 qui

149 2066 349 2115 Tanquam
373 2067 535 2113 homine,
554 2075 592 2103 et
612 2067 729 2103 ventri
749 2067 903 2102 indulsit
923 2078 997 2102 non
1017 2077 1128 2101 omne
1148 2064 1352 2113 legumen?

634 2273 842 2310 SATIRA
872 2271 980 2309 XVI.

202 2379 309 2419 Qms
330 2391 527 2416 numerare
547 2385 656 2426 queat
678 2377 796 2414 felicis
824 2375 989 2425 praemia,
1009 2375 1136 2422 Galle,

154 2431 297 2468 Militiae
313 2433 327 2467 'l
383 2430 482 2467 Nam
503 2430 532 2466 si
553 2430 758 2465 subeuntur
777 2441 951 2477 prospera
970 2434 1104 2473 castra,

154 2484 216 2520 Me
237 2484 410 2533 pavidum
431 2482 591 2531 excipiat
611 2482 769 2518 tironem
791 2488 895 2529 porta
914 2479 1082 2515 secundo
