1596 2779
182 150 231 187 12
597 148 638 179 D.
662 149 790 180 JUNII
813 148 1073 181 JUVENALIS

179 242 261 278 Res
283 250 440 291 angusta
459 243 582 287 domi;
613 244 678 279 sed
700 243 834 280 Romae
854 244 980 280 durior
1002 243 1074 279 illis

179 295 369 331 Conatus:
400 307 536 343 magno
556 295 756 344 hospitium
778 295 1000 340 miserabile,
1022 307 1159 343 magno

179 348 377 383 Servorum
399 356 559 392 ventres,
580 355 618 383 et
638 348 734 395 frugi
755 348 903 383 coenula
923 360 1072 395 magno.

178 398 376 435 Fictilibus
395 411 545 435 coenare
564 400 692 447 pudet,
712 399 811 447 quod
832 407 938 448 turpe
959 398 1110 447 negavit

177 450 402 487 Translatus
421 448 544 487 subito
565 452 610 487 ad
632 451 777 487 Marsos
798 464 1039 499 mensamque
1060 450 1272 494 Sabellam;

176 503 460 551 Contentusque
480 502 557 539 illic
592 513 726 539 veneto
746 503 911 550 duroque
932 503 1082 540 culullo.

228 555 317 591 Pars
338 568 473 603 magna
494 554 610 591 Italiae
631 563 700 600 est,
720 555 750 590 si
771 568 897 591 verum
919 555 1164 600 admittimus,
1184 555 1221 590 in
1241 554 1315 602 qua

174 606 299 644 Nemo
319 615 443 655 togam
464 607 588 652 sumit,
609 607 680 643 nisi
702 615 879 643 mortuus.
936 606 1022 655 Ipsa
1042 608 1185 643 dierum

174 659 372 696 Festorum
395 659 552 695 herboso
572 660 705 695 colitur
725 660 754 695 si
775 660 925 707 quando
944 660 1089 695 theatro

172 710 365 760 Majestas,
385 712 613 759 tandemque
632 712 728 747 redit
749 712 793 746 ad
814 712 956 759 pulpita
976 719 1105 747 notum

172 762 373 809 Exodium,
394 776 508 811 quum
529 776 697 812 personae
726 763 899 811 pallentis
921 763 1063 798 hiatum

171 814 218 851 In
238 815 382 864 gremio
402 816 529 851 matris
550 815 724 851 formidat
743 815 905 851 rusticus
926 815 1073 856 infans;

172 867 354 916 AEquales
376 867 526 903 habitus
546 867 637 913 illic,
658 867 868 917 similesque
889 866 1033 902 videbis

169 919 415 956 Orchestram
436 927 472 955 et
491 920 667 968 populum
688 932 695 955 ε
725 920 815 955 clari
836 920 1005 956 velamen
1027 918 1192 964 honoris,

170 973 373 1009 Sufficiunt
392 972 530 1008 tunicae
549 973 704 1008 summis
725 972 894 1008 aedilibus
914 971 1016 1007 albae.

169 1024 248 1061 Hic
268 1025 362 1060 ultra
382 1025 477 1060 vires
499 1025 646 1061 habitus
668 1025 784 1061 nitor:
816 1024 877 1059 hic
898 1023 1036 1071 aliquid
1056 1023 1152 1071 plus,

166 1076 300 1116 Quam
322 1075 411 1113 satis
430 1083 500 1121 est,
521 1076 708 1112 interdum
729 1076 851 1112 aliena
871 1077 1028 1112 sumitur
1048 1075 1148 1111 arca.

167 1130 381 1166 Commune
403 1129 439 1165 id
461 1129 588 1165 vitium
609 1136 674 1164 est.
732 1128 810 1164 Hic
832 1128 988 1163 vivimus
1007 1126 1204 1163 ambitiosa

167 1181 394 1231 Paupertate
414 1194 556 1218 omnes
612 1181 717 1220 Quid
739 1190 775 1216 te
796 1181 943 1216 moror?
972 1179 1112 1215 Omnia
1134 1179 1269 1215 Romae

167 1234 266 1270 Cum
287 1234 414 1283 pretio.
470 1234 577 1272 Quid
595 1234 674 1278 das,
696 1240 735 1269 ut
755 1233 914 1268 Cossum
936 1232 1135 1279 aliquando
1155 1230 1320 1267 salutes?

166 1286 216 1323 Ut
236 1294 272 1323 te
294 1286 472 1335 respiciat
492 1286 619 1322 clauso
641 1285 801 1321 Veiento
821 1284 981 1320 labello?

166 1338 235 1375 Ille
257 1339 361 1375 metit
381 1339 547 1383 barbam,
569 1339 710 1374 crinem
734 1338 794 1373 hic
817 1337 970 1385 deponit
986 1336 1108 1371 amati.

165 1391 282 1428 Plena
302 1392 436 1427 domus
456 1391 540 1427 libis
561 1390 767 1426 venalibus.
826 1389 984 1437 Accipe,
1005 1396 1042 1424 et
1062 1388 1161 1424 istud

165 1443 412 1480 Fet-mentum
432 1443 497 1479 tibi
521 1443 634 1478 habe:
663 1450 837 1490 praestarc
859 1441 995 1477 tributa
1017 1441 1174 1476 clientes

164 1496 360 1543 Cogimur,
381 1504 418 1531 et
438 1496 548 1531 cultis
569 1507 706 1542 augere
728 1494 875 1542 peculia
901 1493 1027 1528 servis.

216 1549 316 1587 Quis
337 1549 454 1592 timet,
477 1555 539 1582 aut
559 1547 682 1582 timuit
701 1546 824 1593 gelida
848 1545 1035 1580 Praeneste
1056 1545 1217 1590 ruinam,

164 1601 243 1636 Aut
262 1601 390 1648 positis
411 1612 605 1635 nemorosa
623 1599 717 1634 inter
737 1598 826 1646 juga
846 1596 1039 1642 Volsiniis,
1059 1604 1122 1632 aut

164 1653 408 1700 Simplicibus
427 1652 570 1696 Gabiis,
592 1658 655 1686 aut
674 1650 780 1698 proni
801 1649 957 1685 Tiburis
976 1650 1090 1684 arce?

162 1705 244 1741 Nos
266 1705 393 1740 urbem
416 1704 574 1740 colimus
589 1703 693 1738 tenui
714 1701 868 1737 tibicine
890 1701 1017 1737 fultam

162 1756 306 1805 Magna
326 1765 429 1805 parte
450 1756 518 1791 sui.
575 1755 674 1791 Nam
696 1766 751 1789 stc
770 1753 981 1789 labentibus
1000 1752 1123 1788 obstat

162 1809 334 1854 Villicus‚
355 1817 392 1845 et
413 1808 547 1844 veteris
567 1808 669 1843 rimae
688 1819 803 1854 quum
823 1806 917 1842 texit
937 1804 1097 1850 hiatum,

162 1862 324 1897 Securos
344 1861 533 1909 pendente
550 1860 657 1908 jubet
677 1858 837 1894 dormire
858 1858 980 1893 ruina.

162 1914 376 1950 Vivendum
397 1922 453 1949 est
475 1912 564 1957 illic,
586 1911 648 1947 ubi
670 1910 772 1946 nulla
793 1910 982 1954 incendia,
998 1908 1090 1944 nulli

160 1965 285 2002 Nocte
305 1973 436 2001 metus
493 1964 578 2000 Jam
600 1963 720 2012 poscit
742 1975 888 2010 aquam,
905 1962 982 2010 jam
1004 1960 1130 1996 frivola
1148 1958 1322 1996 transfert

159 2017 377 2063 Ucalegon;
408 2017 574 2053 tabulata
593 2016 659 2052 tihi
685 2015 762 2063 jam
783 2015 890 2050 tertia
911 2014 1076 2049 sumant:

159 2070 223 2107 Tu
244 2064 379 2106 nescis.
438 2069 536 2105 lNam
558 2068 588 2103 si
607 2067 786 2115 gradibus
805 2066 1008 2114 trepidatur
1029 2065 1075 2100 ab
1091 2064 1188 2109 imis,

158 2122 321 2159 Ultimus
342 2122 498 2166 ardebit,
519 2133 628 2168 quem
650 2119 779 2155 teffula
798 2118 876 2154 sola
895 2125 1019 2153 tuetur

159 2176 195 2211 A
215 2175 354 2224 pluvia,
376 2174 505 2210 molles
526 2172 588 2208 ubi
611 2153 771 2208 reddiffit
790 2183 859 2206 ova
876 2169 1071 2206 columbae.

158 2227 298 2263 Lectus
318 2234 397 2263 erat
417 2226 541 2261 Codro
563 2223 721 2260 Procula
743 2223 877 2268 minor,
898 2222 1038 2257 urceoli
1059 2233 1138 2265 seX‚

157 2278 434 2315 Ornamentum
457 2277 576 2316 abaci,
619 2289 689 2312 nec
711 2288 783 2310 non
806 2283 842 2311 ct
862 2273 1035 2323 parvulus
1056 2271 1152 2309 infra

157 2331 386 2375 cantharus,
407 2339 444 2367 et
463 2329 648 2366 recubans
668 2328 737 2363 sub
757 2327 888 2363 eodem
910 2338 1093 2361 marmore
1113 2324 1255 2360 Chiron
1272 2336 1281 2367 ;

158 2384 319 2431 Jamque
341 2391 444 2419 vetus
464 2382 617 2418 Graecos
637 2380 805 2416 servabat
827 2379 920 2414 cista
939 2377 1097 2423 libellos,

157 2435 207 2473 Et
226 2436 351 2471 divina
370 2435 467 2484 opici
490 2434 671 2470 rodebant
692 2432 860 2467 carmina
881 2443 1016 2466 mures.

159 2487 223 2524 Nil
245 2488 372 2524 habuit
393 2487 563 2523 Codrus:
592 2485 675 2533 quis
695 2484 794 2519 enim
817 2483 955 2531 negat?
985 2489 1021 2517 et
1041 2489 1168 2518 tamen
1188 2479 1280 2516 illud

1413 398 1487 435 150

1410 658 1484 694 155

1407 918 1482 955 160

1406 1178 1480 1215 165

1403 1439 1478 1475 170

1399 1699 1475 1736 175

1395 1958 1471 1995 180

1393 2218 1468 2255 185

1392 2480 1466 2516 190
