1596 2779
635 148 797 179 SATIRA
823 146 904 178 XII.

117 242 283 281 Vocibus
301 243 500 286 obscoenis,
520 242 694 288 omnique
715 240 881 276 libidinis
903 246 994 282 arte,

114 295 196 334 Qui
216 293 544 330 Lacedaemonium
565 293 760 340 pytismate
782 291 940 327 lubricat
958 290 1108 326 orbem:

117 345 291 394 Namque
312 346 360 382 ibi
382 344 556 380 Fortunae
577 344 721 379 veniam
742 343 885 378 damus.
942 342 1037 377 Alea
1057 341 1186 389 turpis,

116 397 247 445 Turpe
267 404 304 432 et
325 396 547 432 adulterium
567 394 827 429 mediocribus.
886 393 980 429 Haec
1000 393 1132 428 eadem
1152 392 1204 428 illi

116 449 256 485 Omnia
273 461 387 495 quum
408 447 558 490 faciant,
579 446 713 481 hilares
732 446 912 492 nitidique
934 452 1123 480 vocantur.

115 499 256 536 Nostra
275 499 418 535 dabunt
438 498 529 533 alios
550 496 659 532 hodie
678 497 847 532 convivia
867 497 994 531 ludos:

115 551 296 587 Conditor
317 549 454 585 Iliados
473 548 694 593 cantabitur,
715 555 823 595 atque
844 547 1013 583 Maronis

116 602 278 638 Altisoni
297 601 449 636 dubiam
471 600 646 636 facientia
665 599 831 634 carmina
849 599 1021 647 palmam.

114 653 222 692 Quid
242 653 364 697 refert,
385 653 476 688 tales
496 664 621 687 versus
640 651 712 698 qua
733 663 822 686 voce
842 650 1039 698 legantur?

169 705 243 740 Sed
265 716 366 740 nunc
388 703 511 738 dilatis
532 710 654 738 averte
675 703 823 749 negotia
844 701 956 747 curis,

116 754 165 792 Et
183 763 325 804 gratam
346 755 509 802 requiem
531 755 627 790 dona
646 753 725 798 tibi,
745 754 893 800 quando
913 746 1040 789 licebit

116 807 186 842 Per
206 814 320 842 totam
341 818 485 842 cessare
505 806 627 841 diem:
657 817 731 840 non
753 805 902 840 foenoris
922 805 997 840 ulla

116 857 273 902 Mentio,
295 870 378 901 nec,
398 858 517 905 prima
537 857 565 891 si
587 856 671 891 luce
691 868 852 903 egressa,
873 858 1004 891 reverti

114 907 238 945 Nocte
257 909 362 953 solet,
382 908 496 944 tacito
516 907 627 944 bilem
647 907 713 942 tibi
733 907 927 942 contrahat
947 919 1103 942 uxor.—

114 960 296 996 Protenus
316 967 401 995 ante
422 971 559 1003 meum,
579 958 757 1006 quidquid
778 958 889 1003 dolet,
910 971 1004 993 exue
1024 958 1161 994 limen:

114 1011 219 1047 Pone
239 1012 390 1046 domum
410 1018 446 1046 et
465 1022 602 1054 servos,
623 1017 657 1045 et
679 1010 857 1056 quidquid
879 1010 1058 1057 frangitur
1075 1009 1160 1054 illis,

114 1063 193 1098 Aut
211 1063 327 1110 perit:
358 1062 521 1110 ingratos
541 1068 626 1097 ante
646 1061 772 1097 omnia
791 1074 886 1109 pone
907 1061 1062 1097 sodales.

166 1114 314 1150 Interea
334 1113 596 1161 Megalesiacae
615 1112 829 1160 spectacula
848 1124 991 1160 mappae

114 1164 257 1202 Idaeum
278 1165 431 1200 solenne
453 1164 592 1209 colunt,
613 1164 817 1211 similisque
838 1164 1025 1211 triumpho

113 1216 243 1252 Praeda
263 1216 488 1252 caballorum
509 1216 647 1251 Praetor
667 1215 792 1258 sedet3
823 1228 879 1259 ac,
900 1214 992 1250 mihi
1011 1226 1104 1263 pace

113 1267 313 1304 Immensae
334 1267 532 1314 nimiaeque
552 1267 639 1311 licet
659 1267 688 1301 si
709 1266 834 1302 dicere
854 1266 984 1314 plebis,

112 1319 250 1368 Totam
270 1318 378 1355 hodie
399 1319 561 1354 Romam
581 1318 705 1353 circus
724 1318 834 1366 capit,
855 1325 891 1353 et
908 1318 1028 1366 fragor
1048 1327 1176 1354 aurem

113 1371 292 1416 Percutit‚
312 1378 487 1406 eventum
507 1369 633 1406 viridis
653 1382 725 1416 quo
745 1370 880 1417 colligo
899 1369 1024 1418 panni.

113 1422 226 1467 Nam,
247 1422 277 1458 si
293 1422 483 1467 deficeret,
504 1428 674 1456 moestam
695 1421 960 1468 attonitamque
981 1421 1126 1457 videres

113 1473 226 1510 Hanc
246 1474 389 1519 urbem,
409 1473 522 1508 veluti
542 1472 761 1508 Cannarum
782 1473 819 1509 in
840 1473 990 1521 pulvere
1012 1472 1119 1508 victis

113 1525 353 1561 Consulibus.
410 1525 590 1573 Spectent
607 1524 775 1572 juvenes,
795 1537 885 1572 quos
904 1524 1043 1560 clamor
1062 1530 1100 1560 et
1119 1524 1242 1560 audax

113 1577 286 1624 Sponsio,
306 1588 396 1624 quos
416 1575 526 1611 cultae
546 1576 655 1611 decet
674 1576 855 1611 assedisse
874 1576 1029 1624 puellae;

115 1629 295 1676 Spectent
316 1628 388 1663 hoc
408 1635 545 1676 nuptae,
562 1625 668 1675 juxta
689 1628 891 1663 recubante
912 1628 1056 1673 marito,

111 1678 226 1717 Quod
247 1680 383 1727 pudeat
403 1680 572 1714 narrasse
592 1678 750 1726 aliquem
772 1679 1016 1727 praesentibus
1036 1679 1135 1727 ipsis.

111 1730 249 1766 Nostra
269 1731 369 1766 bibat
389 1743 541 1766 vernum
561 1737 753 1766 contracta
773 1730 936 1766 cuticula
956 1730 1084 1776 solem,

112 1781 350 1830 Effugiatque
370 1789 506 1830 togam.
563 1781 586 1817 J
591 1794 650 1817 am
667 1794 768 1817 nunc
788 1782 824 1818 in
849 1782 994 1827 balnea,
1015 1782 1116 1818 salva

113 1833 265 1879 Fronte,
286 1833 374 1870 licet
396 1835 520 1878 vadas,
540 1845 754 1880 quanquam
775 1833 894 1869 solida
914 1834 1002 1869 hora
1022 1834 1180 1882 supersit

112 1885 174 1921 Ad
194 1893 346 1921 sextam.
403 1885 544 1921 Facere
565 1885 635 1920 hoc
655 1897 729 1920 non
749 1885 867 1933 possis
888 1885 1051 1932 quinque
1072 1885 1206 1921 diebus

112 1936 324 1982 Continuis,
345 1937 431 1983 quia
450 1942 536 1972 sunt
554 1936 639 1972 talis
658 1948 804 1983 quoque
824 1937 934 1972 taedia
954 1937 1036 1972 vitm

112 1986 266 2036 Magna.
323 1988 541 2036 Voluptates
560 1988 799 2024 commendat
818 1988 931 2024 rarior
948 2000 1048 2024 usus.

599 2194 807 2231 SATIRA
832 2194 926 2232 XII.

163 2297 334 2343 Nxmm,
354 2297 528 2343 Corvine,
548 2297 609 2334 die
628 2298 720 2334 mihi
740 2298 884 2335 dulcior
903 2298 986 2335 haec
1005 2299 1080 2345 lux,

109 2348 202 2388 Qua
221 2349 335 2385 festus
353 2349 532 2398 promissa
551 2350 631 2386 deis
652 2349 829 2385 animalia
847 2362 979 2398 cespes

111 2399 322 2449 Exspectat.
378 2400 416 2436 N
421 2401 539 2437 iveam
559 2401 721 2450 Reginae
742 2401 914 2437 ducimus
934 2414 1091 2451 agnam:

111 2451 183 2488 Par
201 2451 321 2488 vellus
341 2452 490 2489 dabitur
509 2453 693 2524 pugnanti
713 2453 888 2501 Gorgone
909 2453 1044 2490 Maura

521 2504 546 2539 6

1364 148 1415 183 65

1344 1163 1417 1199 180

1344 1421 1416 1457 185

1344 1680 1415 1715 190

1345 1938 1415 1974 195
