1596 2779
648 126 811 156 SATIRA
837 126 896 156 Vl.

158 218 306 255 Dixeris
326 220 406 255 haec
426 219 520 256 inter
542 220 725 256 varicosos
744 221 983 257 centuriones
1001 232 1008 256 ι

105 269 296 307 Continuo
316 284 483 307 crassum
504 272 599 307 ridet
619 272 818 308 Vulsenius
838 272 984 320 ingens,

105 321 152 358 Et
172 330 325 359 centum
345 323 498 359 Graecos
517 331 623 360 curto
643 330 819 360 centusse
838 324 982 360 licetur.

598 528 807 566 SATIRA
835 529 903 566 VI.

512 641 575 671 AD
599 640 788 671 CAESIUM
814 641 1007 673 BASSUM.

156 736 345 772 Anmovm
361 735 438 784 jam
458 735 589 772 bruma
609 735 690 772 foco
710 742 758 781 te,
780 735 907 782 Basse,
928 736 1097 774 Sabino?

102 786 238 824 Jamne
257 787 335 835 lyra
353 795 390 824 et
409 789 540 824 tetrico
560 788 685 824 vivunt
704 788 770 824 tibi
789 788 938 836 pectine
958 789 1107 825 chordae
1123 790 1137 826 ἲ

103 838 200 876 Mire
219 840 343 887 opifex
363 841 529 875 numeris
551 847 714 875 veterum
734 840 935 887 primordia
954 853 1092 886 rerum,

103 892 226 939 Atque
247 903 387 927 marem
408 892 600 940 strepitum
621 890 704 926 fidis
724 891 929 927 intendisse
950 891 1094 928 Latinae
1111 902 1119 928 Ξ

103 942 193 979 Mox
209 943 365 991 juvenes
385 942 524 991 agitare
540 943 658 991 jocos,
677 950 714 978 et
733 943 866 991 pollice
886 943 1043 980 honesto

102 994 288 1043 Egregius
307 995 438 1030 lusisse
458 1007 578 1031 senes.
635 993 732 1030 Mihi
752 1007 854 1040 nunc
874 994 990 1044 Ligus
1009 1009 1074 1032 ora

102 1046 263 1094 Intepet‚
284 1047 539 1094 hybernatque
559 1059 684 1082 meum
705 1058 820 1092 mare,
841 1047 913 1094 qua
934 1047 1030 1083 latus
1050 1048 1185 1097 ingens

102 1098 203 1134 Dant
222 1098 377 1146 scopuli,
398 1105 435 1134 et
455 1098 570 1134 multa
589 1098 690 1134 littus
710 1111 749 1134 se
770 1098 861 1134 valle
877 1106 1053 1147 receptat.

102 1150 233 1186 Lunai
248 1156 398 1198 portam
417 1155 471 1186 est
490 1162 608 1198 operoe
629 1162 857 1196 cognoscere,
880 1151 986 1187 cives.

100 1201 176 1238 Cor
191 1202 296 1250 jubet
318 1202 388 1238 hoc
408 1201 525 1248 Enni,
547 1209 738 1250 postquam
759 1202 954 1238 destertuit
973 1215 1055 1240 esse

100 1252 308 1290 Maeonides
326 1253 496 1293 Quintus
515 1266 661 1301 pavone
675 1266 723 1288 ex
742 1253 986 1302 Pythagoreo.

100 1305 176 1341 Hic
195 1318 265 1354 ego
285 1317 440 1342 securus
460 1305 573 1354 vulgi,
593 1311 630 1341 et
648 1305 735 1352 quid
756 1312 937 1354 praeparet
956 1307 1096 1343 Auster

99 1357 236 1393 Infelix
254 1358 393 1405 pecori,
413 1369 567 1393 securus
587 1364 637 1402 et,
658 1357 817 1415 angulus
836 1357 897 1394 ille

99 1409 225 1445 Vicini
246 1415 370 1446 nostro
389 1409 475 1457 quia
494 1409 688 1458 pinguior:
717 1409 786 1444 etsi
807 1407 900 1445 adeo
921 1422 1050 1447 omnes

99 1460 296 1498 Ditescant
317 1461 386 1497 orti
407 1461 608 1519 pejoribus,
626 1473 742 1508 usque
764 1473 934 1498 recusem

98 1513 246 1549 Curvus
265 1513 313 1550 ob
332 1513 369 1549 id
389 1513 506 1550 minui
527 1512 645 1558 senio,
666 1520 728 1549 aut
747 1526 897 1549 coenare
917 1513 998 1550 sine
1018 1521 1132 1552 uncto

98 1565 147 1601 Et
167 1565 315 1613 signum
337 1565 374 1601 in
394 1565 527 1613 vapida
546 1577 636 1601 naso
656 1565 822 1614 tetigisse
840 1565 986 1614 lagena.

100 1617 296 1666 Discrepet
317 1617 373 1653 his
393 1617 497 1653 alius.
553 1617 747 1662 Geminos,
768 1617 984 1665 horoscope,
1005 1630 1092 1656 varo

99 1668 281 1705 Producis
300 1669 422 1717 genio.
479 1669 576 1705 Solis
597 1668 781 1705 natalibus
799 1676 856 1705 est
874 1670 935 1717 qui

98 1720 240 1769 Tingat
259 1721 340 1757 olus
360 1721 503 1757 siccum
524 1721 644 1756 muria
666 1720 766 1756 vafer
786 1721 825 1757 in
845 1721 964 1757 calice
985 1722 1124 1770 empta,

98 1771 183 1821 Ipse
203 1785 350 1809 sacrum
371 1772 532 1809 irrorans
551 1773 688 1821 patinae
708 1773 812 1821 piper
829 1785 835 1808 :
866 1773 927 1809 hic
948 1774 1046 1810 bona
1065 1774 1178 1811 dente

95 1824 263 1860 Grandia
283 1824 544 1873 magnanimus
564 1824 706 1873 peragit
725 1837 826 1872 puer.
883 1825 973 1861 Utar
993 1838 1076 1874 ego,
1097 1833 1202 1871 utar3

97 1875 182 1912 Nec
201 1877 375 1913 rhombos
395 1877 478 1913 ideo
498 1876 638 1912 libertis
655 1888 794 1924 ponere
814 1877 948 1923 lautus,

98 1927 182 1964 Nec
202 1936 350 1964 tenuem
372 1928 487 1965 solers
506 1928 697 1964 turdarum
718 1926 828 1964 nosse
849 1929 1011 1965 salivam.

98 1979 222 2016 Messe
242 1987 350 2016 tenus
369 1980 517 2029 propria
536 1981 628 2025 vive,
648 1987 685 2016 et
704 1980 888 2028 granaria,
910 1981 962 2017 fas
982 1987 1050 2027 est,

1341 131 1415 166 105

1341 273 1415 309 190

1361 1204 1408 1241 10

1363 1465 1406 1500 15

1353 1983 1405 2020 25

97 2031 239 2068 Emole.
295 2032 402 2072 Quid
424 2032 597 2068 metuas?
625 2044 730 2077 occa,
751 2039 788 2068 et
807 2045 915 2081 seges
936 2033 1052 2069 altera
1071 2033 1110 2069 in
1130 2034 1246 2070 herba
1265 2042 1333 2071 est.

97 2085 169 2120 Ast
189 2091 296 2120 vocat
315 2084 480 2120 officium
500 2097 506 2119 :
537 2084 640 2120 trabe
658 2084 766 2131 rupta
786 2084 932 2121 Bruttia
951 2098 1040 2121 saxa

98 2135 254 2172 Prendit
274 2136 417 2172 amicus
437 2136 556 2184 inops,
577 2148 728 2184 remque
747 2148 898 2172 omnem
918 2137 1103 2186 surdaque
1123 2145 1207 2175 vota

97 2187 276 2224 Condidit
297 2187 404 2224 Ionio
421 2200 428 2223 ;
453 2188 553 2236 jacet
574 2188 650 2236 ipse
672 2188 708 2223 in
729 2187 862 2234 littore,
882 2195 919 2225 et
939 2189 1015 2224 una

98 2238 280 2288 Ingentes
302 2240 348 2275 de
367 2252 490 2288 puppe
510 2240 585 2285 dei,
602 2240 753 2288 jamque
773 2240 882 2276 obvia
902 2240 1040 2289 mergis

97 2291 212 2328 Costa
228 2291 316 2327 ratis
335 2291 479 2327 lacerae.
536 2291 653 2327 Nunc
672 2300 709 2328 et
729 2291 775 2327 de
793 2292 936 2340 cespite
958 2293 1039 2329 vivo

98 2343 246 2392 Frange
266 2343 417 2389 aliquid,
437 2342 570 2391 largire
590 2343 707 2391 inopi,
729 2355 775 2378 ne
794 2344 915 2391 pictus
933 2344 1081 2381 oberret

98 2395 274 2431 Coerulea
294 2395 331 2431 in
353 2395 490 2431 tabula.
548 2398 556 2413 ‘
575 2395 650 2431 Sed
671 2406 818 2430 coenam
841 2396 979 2431 funeris
1000 2395 1118 2432 haeres

99 2445 277 2495 Negliget
296 2447 423 2492 iratus,
443 2444 542 2493 quod
566 2459 642 2482 rem
663 2447 867 2483 curtaveris
885 2460 892 2482 :
923 2459 1025 2483 urnae

1355 2244 1405 2279 30
