1596 2779
630 143 792 174 SATIRA
817 143 880 173 XI.

97 237 178 277 Qui
198 237 358 286 spatium
378 237 460 273 vitae
482 245 689 273 extremum
712 238 809 274 inter
830 249 986 272 munera
1004 243 1117 285 ponat

98 288 137 324 N
140 297 268 335 aturae,
288 290 350 337 qui
372 289 466 325 serre
486 296 597 336 queat
616 301 858 336 quoscunque
878 289 1036 334 labores,

98 339 256 377 Nesciat
276 341 398 386 irasci,
419 342 544 389 cupiat
564 340 668 385 nihil,
689 348 726 376 et
745 341 906 388 potiores

99 391 276 428 Herculis
296 404 480 428 aerumnas
499 393 626 428 credat
642 404 829 439 saevosque
843 392 987 427 labores

100 443 147 478 Et
168 444 329 488 Venere,
351 451 388 480 et
407 445 538 488 coenis,
559 451 596 479 et
615 444 740 491 pluma
761 444 1018 491 Sardanapali.

99 494 279 540 Monstro,
299 496 396 542 quod
417 495 494 543 ipse
514 495 579 531 tibi
600 495 716 543 possis
736 495 847 531 dare:
877 495 1010 531 semita
1030 493 1133 530 certe

97 545 328 593 Tranquillae
350 559 414 594 per
435 547 606 582 virtutem
626 554 725 594 patet
746 547 857 582 unica
877 547 969 582 vitae.

98 596 255 633 Nullum
276 611 414 634 numen
436 598 563 643 habes,
584 598 614 633 si
635 599 681 634 sit
701 598 898 646 prudentia
916 611 922 634 :
952 611 1020 634 nos
1040 605 1088 644 te,

97 648 177 685 Nos
198 649 366 696 facimus,
387 649 566 695 Fortuna,
586 649 719 695 Deam,
740 650 908 698 coeloque
927 650 1104 686 locamus.

595 910 805 946 SATIRA
834 910 905 946 XI.

150 1012 330 1049 Awmcus
351 1011 488 1049 eximie
510 1012 540 1049 si
560 1021 697 1059 coenat,
714 1014 836 1050 lautus
857 1015 1012 1050 habetur
1029 1027 1037 1058 3

99 1065 139 1100 Si
159 1064 325 1110 Rutilus,
346 1065 512 1101 demens.
566 1065 672 1104 Quid
692 1066 792 1101 enim
814 1067 951 1114 majore
973 1067 1160 1103 cachinno

98 1115 292 1164 Excipitur
313 1116 425 1164 vulgi,
445 1115 555 1163 quam
577 1130 716 1165 pauper
737 1118 922 1166 Apicius?
952 1118 1088 1153 Omnis

97 1168 316 1212 Convictus,
336 1168 503 1214 thermae‚
525 1169 714 1213 stationes,
734 1182 845 1205 omne
865 1170 1049 1206 theatrum

98 1218 155 1255 De
177 1218 317 1255 Rutilo.
375 1219 472 1255 Nam
495 1221 583 1256 dum
606 1221 725 1256 valida
746 1234 789 1256 ac
806 1222 985 1269 juvenilia
1007 1221 1174 1257 membra

98 1271 297 1307 Sufficiunt
316 1271 444 1319 galeae,
465 1272 627 1319 dumque
648 1273 779 1308 ardent
798 1274 994 1321 sanguine,
1016 1274 1141 1319 fertur,

97 1321 184 1359 Non
205 1330 363 1371 cogente
383 1323 548 1370 quidem,
569 1325 633 1360 sed
655 1337 725 1360 nec
745 1325 965 1373 prohibente
986 1325 1148 1371 tribuno,

97 1374 312 1422 scripturus
332 1375 446 1422 legeS,
467 1383 503 1411 et
523 1376 626 1424 regia
644 1377 755 1412 verba
776 1376 930 1412 lanistae.

97 1425 238 1462 Multos
257 1425 365 1474 porro
387 1427 500 1472 vides,
521 1439 613 1475 quos
633 1427 732 1476 saepe
753 1428 879 1464 elusus
901 1429 946 1464 ad
968 1429 1088 1476 ipsum

96 1477 268 1514 Creditor
289 1478 480 1515 introitum
500 1480 593 1515 solet
612 1488 827 1528 exspectare
850 1481 1009 1526 macelli,

96 1529 145 1566 Et
163 1530 298 1577 quibus
318 1530 355 1566 in
376 1531 453 1566 solo
472 1531 618 1567 vivendi
640 1544 754 1567 causa
774 1533 895 1580 palato
914 1541 981 1568 est.

95 1581 284 1630 Egregius
304 1590 442 1627 coenat,
464 1581 670 1630 meliusque
691 1584 920 1620 miserrimus
942 1585 1088 1629 horum,

97 1632 145 1669 Et
164 1633 239 1670 cito
260 1646 414 1670 casurus
429 1634 504 1682 jam
525 1635 741 1682 perlucente
764 1636 883 1672 ruina.

96 1684 247 1721 Interea
266 1693 399 1734 gustus
418 1686 605 1722 elementa
625 1699 689 1734 per
708 1688 835 1723 omnia
854 1695 1037 1735 quaerunt,

94 1735 298 1785 Nunquam
321 1738 445 1773 animo
464 1738 591 1785 pretiis
611 1738 853 1775 obstantibus.
911 1739 1074 1776 Interius
1094 1739 1124 1776 si

95 1788 294 1834 Attendas‚
315 1788 434 1837 magis
450 1789 512 1825 illa
529 1790 672 1838 juvant,
692 1804 774 1838 quae
794 1792 908 1839 pluris
928 1800 1114 1827 emuntur.

95 1839 198 1888 Ergo
220 1841 320 1876 haud
341 1841 491 1877 difficile
511 1850 580 1886 est,
601 1843 802 1890 perituram
824 1856 1012 1879 arcessere
1033 1856 1218 1880 summam

94 1891 286 1928 Lancibus
304 1893 493 1941 oppositis,
514 1894 569 1929 vel
590 1895 717 1929 matris
738 1895 901 1942 imagine
921 1895 1050 1940 fracta,

94 1943 144 1980 Et
163 1944 444 1992 quadringentis
464 1945 626 1981 nummis
639 1946 791 1982 condire
812 1947 983 1993 gulosum

95 1995 252 2032 Fictile:
283 1997 337 2032 sic
357 1996 510 2033 veniunt
530 1997 575 2032 ad
598 1997 838 2034 miscellanea
858 1998 948 2034 ludi.

94 2046 228 2084 Refert
247 2046 352 2096 ergo,
372 2049 453 2096 quis
474 2049 554 2084 haec
573 2049 705 2085 eadem
726 2057 851 2098 paret:
881 2050 918 2086 in
941 2049 1074 2087 Rutilo
1093 2063 1180 2087 nam

94 2098 260 2136 Luxuria
279 2108 356 2144 est;
386 2100 424 2136 in
446 2100 624 2137 Ventidio
643 2101 830 2138 laudabile
851 2115 989 2139 nomen

95 2151 229 2196 Sumit,
249 2159 286 2188 et
305 2165 326 2188 a
345 2165 461 2188 censu
481 2151 618 2188 famam
638 2154 759 2189 trahit.
818 2153 927 2189 Illum
947 2167 1018 2202 ego
1034 2154 1116 2203 jure

94 2201 325 2252 Despiciam,
345 2205 407 2251 qui
427 2205 508 2250 scit,
528 2213 667 2252 quanto
689 2205 882 2242 sublimior
902 2206 1009 2242 Atlas

93 2253 284 2291 Omnibus
304 2256 340 2292 in
363 2256 480 2303 Libya
500 2257 546 2292 sit
567 2257 774 2300 montibus;
806 2258 866 2293 hic
885 2266 1010 2294 tamen
1032 2259 1131 2295 idem

94 2304 259 2355 Ignoret,
279 2306 458 2355 quantum
481 2308 615 2344 serrata
635 2310 744 2345 distet
766 2310 811 2344 ab
832 2310 919 2345 arca

95 2357 289 2395 saeculus.
347 2358 379 2395 E
399 2360 494 2395 coelo
514 2360 709 2397 descendit
730 2361 840 2396 rubea
862 2361 1011 2404 σεαυτὸν,

95 2408 306 2458 Figendum
326 2418 363 2447 et
383 2411 539 2447 memori
560 2413 796 2448 tractandum
817 2421 978 2461 pectore,
1000 2413 1076 2450 sive

94 2462 323 2510 Conjugium
343 2475 499 2510 quoeras,
521 2463 576 2499 vel
598 2465 692 2500 sacri
715 2465 752 2500 in
774 2474 877 2513 parte
898 2466 1050 2502 senatus

512 2516 536 2550 ὑ

1326 288 1403 325 335
1438 330 1440 332 v

1328 545 1404 581 340

1358 1482 1404 1518 10

1358 1741 1403 1777 15

1351 2000 1403 2037 20
