1596 2779
658 167 820 203 SA'PiRA
846 166 885 202 ν’.
981 184 987 189 -
1352 171 1423 212 103

123 268 290 306 Luciferi
310 266 425 313 rudis,
446 267 630 304 exclamet
650 265 847 302 Melicerta
867 265 1007 314 perisse

120 321 299 357 Frontem
319 321 364 356 de
386 320 506 356 rebus.
563 318 653 354 Tibi
674 325 775 354 recto
790 318 910 354 vivere
930 317 1006 354 talo

121 373 195 409 Ars
215 372 346 408 dedit?
374 379 411 408 et
431 371 504 407 veri
525 370 690 418 speciem
711 370 930 417 dignoscere
950 369 1078 415 calles,
1353 366 1421 405 105

122 423 183 460 Ne
202 436 273 471 qua
295 424 478 459 subaerato
498 422 715 458 mendosum
738 415 872 457 tinniat
892 422 1010 457 auro?

120 475 294 523 Quaeque
312 474 503 522 sequenda
523 473 655 517 forent,
672 481 709 509 et
728 485 810 520 quae
828 473 978 509 vitanda
997 472 1158 509 vicissim

123 527 192 563 Illa
211 525 313 575 prius
332 526 448 571 creta,
469 538 553 561 mox
573 525 653 561 liaec
673 525 847 570 carbone,
868 525 1031 560 notasti?

122 578 174 614 Es
194 578 363 614 modicus
384 577 481 613 voti?
510 590 635 625 presso
656 577 757 612 lure?
778 576 899 612 dulcis
916 577 1072 612 amicis?

122 630 208 666 Jam
224 642 325 666 nunc
341 629 536 677 astringas,
553 628 630 676 jam
650 640 753 664 nunc
772 627 946 675 granaria
965 627 1095 663 laxes?
1348 624 1422 664 110

123 682 243 729 Inque
264 681 341 718 luto
357 681 471 717 fixum
490 681 608 728 possis
627 680 911 716 transscendere
934 692 1143 725 nummum,

123 733 209 770 Nec
228 734 345 782 glutto
365 733 512 769 sorbere
533 731 685 768 salivam
706 730 998 767 Mercurialem?

176 786 272 822 Haec
293 798 376 821 mea
395 792 493 830 sunt,
514 791 636 829 teneo,
656 796 769 831 quum
792 781 876 819 vere
899 780 1048 828 dixeris,
1069 790 1149 820 esto

124 837 307 885 Liberque
329 849 372 873 ac
392 837 551 885 sapiens,
572 835 789 884 praetoribus
806 848 850 871 ac
870 835 960 870 Jove
981 835 1120 872 (iextra

125 889 193 925 Sin
213 896 265 934 tu,
285 901 399 936 quum
420 888 531 924 fueris
548 895 681 924 nostrae
702 885 811 935 paulo
833 885 919 922 ante
942 887 1084 932 farinae,
1354 886 1423 923 115

123 941 342 977 Pelliculam
363 947 525 976 veterem
545 940 694 983 retines,
714 947 751 974 et
771 939 889 974 frome
908 938 1044 986 politus

124 994 298 1029 Astutam
319 991 450 1040 vapido
470 1004 593 1027 servas
610 991 678 1026 sub
699 998 847 1038 pectore
869 991 1013 1038 vulpem
1033 1003 1039 1026 ς

121 1044 222 1083 Quae
243 1045 419 1080 dederam
439 1041 563 1091 supra,
580 1050 718 1091 repeto,
742 1043 941 1090 funemque
962 1043 1111 1078 reduco.

124 1096 187 1133 Nil
210 1096 275 1132 tibi
296 1095 480 1132 concessit
498 1095 588 1131 ratio
606 1108 612 1130 :
642 1095 798 1142 digitum
819 1106 962 1138 exsere,
984 1107 1130 1142 peccas.

123 1148 172 1184 Et
190 1148 277 1196 quid
298 1156 373 1183 tam
393 1159 545 1195 parvum
564 1148 643 1182 est?
673 1147 737 1182 secl
758 1146 858 1181 nullo
878 1147 984 1181 thure
1005 1146 1138 1192 litabis,
1351 1145 1423 1182 120

124 1200 278 1236 Haereat
300 1200 336 1235 in
357 1200 477 1235 stultis
498 1198 617 1234 brevis
638 1206 675 1233 ut
696 1199 891 1234 semuncia
911 1198 1013 1234 recti.

124 1252 219 1288 Haec
240 1252 397 1287 miscere
417 1251 521 1286 nefas
539 1263 545 1286 :
577 1263 659 1295 nec,
681 1262 794 1297 quum
815 1250 863 1285 sis
884 1258 1020 1285 caetera
1041 1250 1169 1295 fossor,

123 1303 221 1339 Tres
241 1301 386 1340 tautum
406 1303 451 1339 ad
472 1314 647 1338 numeros
668 1301 778 1349 satyri
799 1314 968 1337 moveare
990 1301 1162 1349 Bathylli.

123 1360 130 1374 ‘
147 1355 258 1392 Liber
278 1356 371 1404 ego.'
428 1354 538 1390 Unde
560 1355 687 1390 <latum
709 1355 778 1390 lioc
798 1354 926 1398 sumis,
948 1361 1000 1390 tot
1020 1354 1167 1390 subdite
1187 1354 1298 1389 rebus
1315 1354 1327 1390 ἒ

123 1408 185 1444 An
207 1408 399 1443 dominum
415 1407 576 1455 ignoras,
598 1406 668 1442 nisi
688 1418 799 1453 quem
822 1406 985 1442 vindicta
1005 1406 1172 1442 relaxat?
1350 1406 1423 1442 125

123 1463 131 1478 ‘
147 1459 178 1504 I,
199 1472 301 1508 puer,
322 1466 359 1495 et
378 1459 536 1507 strigiles
555 1458 721 1506 Crispini
743 1459 788 1494 ad
811 1458 943 1493 balnea
962 1458 1064 1493 defer
1077 1459 1095 1493 z'

123 1512 164 1547 Si
186 1511 381 1559 increpuit,
399 1516 407 1528 ‘
426 1523 550 1546 cessas
563 1517 719 1558 nugator
733 1511 756 1546 '3'
788 1509 978 1545 servitium
998 1522 1083 1545 acre

123 1563 183 1599 Te
204 1563 295 1599 nihil
317 1562 492 1610 impellit:
523 1574 593 1598 nec
613 1562 815 1609 quidquam
836 1562 1068 1597 extrinsecus
1088 1562 1212 1607 intrat,

122 1615 237 1654 Quod
258 1627 389 1651 nervos
409 1614 543 1661 agitet:
574 1615 638 1650 sed
660 1614 688 1649 si
710 1615 808 1649 intus
828 1622 864 1650 et
887 1614 922 1649 in
939 1613 1066 1661 jecore
1089 1626 1188 1662 aegro

123 1666 338 1703 Nascantur
358 1666 498 1702 domini
515 1679 521 1702 :
551 1665 614 1713 qui
637 1674 675 1701 tu
694 1666 908 1714 impunitior
928 1665 1019 1710 exis,
1350 1666 1423 1702 130

123 1720 248 1766 Atque
269 1719 342 1763 hic,
362 1730 472 1766 quem
494 1718 538 1753 ad
559 1718 717 1765 strigiles
738 1717 881 1753 scutica
901 1725 938 1754 et
958 1725 1079 1753 metus
1098 1717 1174 1766 egit
1194 1717 1346 1754 herilis?

176 1770 291 1806 Mane
310 1770 414 1818 piger
432 1770 576 1806 stertis:
609 1770 744 1817 Surge,
767 1770 886 1817 inquit
910 1769 1084 1805 avaritia:
1114 1770 1172 1806 eia

123 1823 255 1871 Surge.
313 1821 461 1871 Negas:
492 1822 624 1858 instat:
656 1822 790 1870 Surge,
812 1822 941 1869 iuquit.
983 1825 990 1839 ⁶
1010 1821 1098 1857 Non
1118 1822 1238 1869 queo.’
1271 1822 1407 1870 Surge.

123 1878 132 1892 ‘
148 1874 196 1910 Et
215 1874 302 1922 quid
324 1886 430 1922 agam
444 1874 469 1908 Υ
528 1873 687 1921 Rogitas
699 1875 713 1909 ’ἔ
743 1875 917 1921 saperdas
937 1874 1077 1909 advehe
1099 1873 1230 1919 Ponto,

124 1926 358 1971 Castoreum,
379 1933 542 1974 stuppas,
563 1926 740 1970 ebenum,
761 1926 859 1970 thus,
881 1925 1026 1961 lubrica
1045 1925 1134 1961 Coa.
1350 1925 1424 1962 135

123 1977 233 2014 Tolle
254 1990 386 2013 recens
404 1978 544 2026 primus
563 1978 667 2026 piper
683 1990 703 2013 e
724 1977 872 2013 sitiente
893 1977 1046 2013 camelo.

124 2030 238 2067 Verte
259 2030 418 2078 aliquid:
445 2029 540 2078 jura.
598 2033 606 2047 ‘
625 2029 699 2065 Sed
722 2028 868 2078 Jupiter
890 2029 1039 2066 audiet!
1097 2028 1228 2065 Eheu!

124 2082 232 2128 Baro,
254 2088 484 2130 regustatum
504 2082 621 2130 digito
640 2082 826 2118 terebrare
847 2082 1007 2118 salinum

123 2134 333 2170 Contentus
351 2147 520 2182 perages,
538 2134 568 2170 si
590 2134 709 2170 vivere
730 2146 817 2170 cum
837 2133 929 2170 Jove
949 2134 1084 2170 tendis.

123 2185 210 2222 Jam
229 2185 354 2234 pueris
374 2186 507 2234 pellem
529 2185 746 2222 succinctus
762 2194 799 2223 et
818 2187 1064 2235 oenophorum
1086 2193 1213 2235 aptas:
1351 2186 1425 2223 140

123 2236 243 2275 Ocius
263 2238 308 2274 ad
326 2251 456 2274 navem
474 2250 482 2274 ι
511 2237 603 2274 nihil
623 2238 756 2284 obstat,
777 2238 866 2286 quin
887 2239 991 2275 trabe
1011 2238 1113 2274 vasta

125 2290 299 2339 AEgaeum
321 2290 453 2338 rapias,
474 2290 546 2326 nisi
566 2289 680 2326 solers
699 2290 845 2327 luxuria
865 2289 952 2326 ante

125 2343 330 2378 Seductum
353 2349 500 2378 moneat
518 2354 525 2377 z
554 2340 646 2381 Quo
668 2342 817 2388 deinde,
839 2342 982 2388 insane,
1002 2342 1079 2378 ruis
1090 2343 1105 2378 ’ἵ
1132 2339 1234 2390 quo?

123 2394 229 2433 Quid
249 2394 315 2430 tibi
337 2394 389 2429 vis
405 2395 418 2429 2
447 2393 569 2429 calido
588 2394 658 2429 sub
677 2402 826 2441 pectore
845 2395 1010 2431 mascula
1031 2394 1115 2430 bilis

125 2445 320 2492 Intumuit,
340 2458 450 2494 quam
472 2458 545 2482 non
566 2446 784 2483 exstinxerit
804 2459 896 2483 urna
915 2446 1077 2483 eieutae?
1356 2447 1427 2484 145
