1596 2779
651 117 812 148 SATIRA
839 117 882 148 X.

111 211 287 248 Delator'?
315 212 449 260 quibus
465 211 640 248 indiciis?
670 225 741 259 quo
761 218 852 247 teste
873 211 1066 259 probavit?

113 263 176 300 Nil
197 265 350 300 horum:
381 264 535 300 verbosa
554 271 591 299 et
610 264 761 312 grandis
782 263 937 311 epistola
958 263 1060 299 venit

112 314 147 350 A
168 314 334 363 Capreis.
391 315 495 351 Bene
516 316 647 358 habet3
679 315 726 350 nil
750 315 832 363 plus
852 315 1049 363 interrogo.
1108 313 1185 350 Sed
1205 313 1295 361 quid

111 366 245 402 Turba
265 367 379 402 Remi
397 368 411 402 ’ἒ
468 367 644 414 Sequitur
664 366 882 411 Fortunam,
903 374 943 402 ut
963 379 1120 414 semper,
1141 373 1178 403 et
1196 366 1274 402 odit

113 418 332 455 Damnatos.
389 418 496 454 Idem
516 418 688 466 populus,
709 418 739 454 si
760 417 900 454 Nursia
921 417 1051 454 Tusco

112 469 295 515 Favisset,
316 470 346 506 si
366 482 540 518 oppressa
561 470 652 505 soret
671 482 804 505 secura
825 477 999 505 senectus

112 522 310 570 Principis‘,
332 522 404 557 hac
424 522 502 569 ipsa
523 522 701 569 Sejanum
722 521 863 557 diceret
883 522 972 557 hora

111 573 336 622 Augustum.
393 573 478 609 Jam
499 573 656 621 pridem,
677 586 722 609 ex
742 586 814 620 quo
834 573 1009 621 suffragia
1029 573 1120 609 nulli

111 625 334 671 Vendimus,
355 625 486 661 effudit
514 637 632 660 curas.
689 624 791 660 Nam
812 625 873 672 qui
894 624 1006 661 dabat
1018 624 1113 665 ,olim

111 675 328 725 Imperium,
350 677 481 722 fasces,
502 677 680 725 legiones,
701 676 841 722 omnia,
863 689 964 712 nunc
984 689 1023 712 se

111 728 301 774 Continet,
319 736 426 776 atque
447 729 539 764 duas
559 727 704 765 tantum
725 742 783 764 res
803 729 936 764 anxius
955 736 1069 776 optat,

111 780 252 816 Panem
273 788 309 816 et
329 780 539 816 Circenses.
597 780 784 816 Perituros
805 781 915 816 audio
935 781 1081 816 multos.

110 831 175 867 Nil
196 832 373 875 dubium3
404 844 539 880 magna
559 840 614 868 est
634 832 846 868 fornacula:
876 832 1075 880 pallidulus
1094 831 1146 868 mi

110 883 301 919 Brutidius
322 896 427 919 meus
447 885 491 919 ad
514 883 645 920 Martis
666 882 734 919 fuit
752 884 882 919 obvius
902 896 1014 919 aram.

109 934 240 974 Quam
260 935 383 980 timeo,
406 935 524 970 victus
545 948 591 971 ne
611 948 739 983 peenas
759 935 884 983 exigat
904 935 1014 983 Ajax,

110 986 161 1023 Ut
181 985 275 1023 male
297 987 472 1023 defensus
489 987 496 1022 !
528 987 733 1023 Curramus
754 987 975 1035 praecipites,
995 994 1044 1032 et,

111 1038 213 1074 Dum
231 1039 332 1087 jacet
353 1039 390 1074 in
411 1039 503 1087 ripa,
525 1038 715 1075 calcemus
735 1038 896 1075 Caesaris
919 1040 1072 1075 hostem.

112 1091 186 1127 Sed
208 1091 357 1127 videant
377 1091 484 1137 servi,
505 1103 552 1126 ne
573 1091 655 1139 quis
675 1098 798 1139 neget,
819 1099 856 1126 et
875 1091 1048 1139 pavidum
1070 1091 1109 1126 in
1126 1091 1189 1139 jus

111 1143 267 1179 Cervice
287 1143 466 1178 obstricta
486 1143 680 1178 dominum
701 1144 830 1178 trahat.
888 1143 939 1178 Hi
960 1155 1151 1178 sermones

111 1194 226 1230 Tunc
246 1195 292 1230 de
314 1194 464 1243 Sejano,
487 1202 629 1230 secreta
652 1196 731 1230 haec
753 1207 945 1230 murmura
964 1194 1076 1243 vulgi.

111 1246 229 1282 Visne
250 1246 412 1292 salutari,
433 1247 530 1282 sicut
546 1247 731 1294 Sejanus?
763 1246 899 1282 habere

111 1297 371 1344 Tantundem,
393 1306 501 1346 atque
521 1299 572 1334 illi
592 1311 756 1334 summas
778 1298 916 1334 donare
938 1298 1114 1334 curules?

111 1349 222 1386 Illum
242 1351 466 1386 exercitibus
485 1351 730 1399 praeponere?
758 1357 854 1386 tutor
876 1350 1002 1386 haberi

111 1402 295 1451 Principis
316 1404 475 1451 angusta
496 1402 724 1451 Caprearum
747 1403 784 1438 in
804 1415 894 1450 rupe
915 1402 1079 1438 sedentis

112 1455 209 1490 Cum
229 1467 342 1503 grege
363 1454 542 1491 Chaldaeo
558 1455 571 1490 ’ἔ
602 1455 669 1490 Vis
689 1452 791 1490 certe
814 1455 899 1503 pila,
920 1455 1106 1499 cohortes,

113 1506 297 1555 Egregios
317 1507 472 1554 equites,
493 1515 529 1543 et
549 1517 669 1542 castra
689 1506 925 1555 domestica?
953 1505 1101 1544 Quidni

113 1558 208 1594 Haec
227 1559 356 1607 cupias
368 1560 382 1594 ¹?
413 1566 462 1604 et,
482 1559 543 1607 qui
565 1559 696 1594 nolunt
715 1559 887 1595 occidere
907 1570 1134 1605 quenquam,

111 1611 226 1646 Posse
247 1611 383 1647 volunt.
441 1611 518 1646 Sed
538 1623 619 1658 quae
640 1611 820 1659 praeclara
839 1618 875 1646 et
894 1623 1068 1658 prospera
1088 1610 1194 1657 tanti,

111 1662 161 1699 Ut
182 1663 291 1698 rebus
310 1662 404 1699 laetis
424 1675 489 1711 par
510 1663 556 1698 sit
576 1675 751 1698 mensura
771 1662 950 1698 malorum
964 1663 978 1697 ’ἶ

112 1714 249 1763 Hujus,
270 1715 333 1762 qui
353 1715 521 1760 trahitur,
541 1722 756 1763 praetextam
778 1727 925 1750 sumere
945 1714 1075 1760 mavis,

111 1767 175 1802 An
197 1766 425 1803 Fidenarum
445 1767 725 1814 Gabiorumque
745 1779 827 1802 esse
847 1773 1023 1815 potestas,

111 1817 161 1854 Et
179 1819 226 1854 de
247 1820 423 1855 mensura
440 1819 500 1867 jus
520 1819 659 1864 dicere,
680 1832 767 1854 vasa
786 1819 929 1854 minora

110 1869 301 1919 Frangere
322 1884 510 1919 pannosus
527 1871 653 1906 vacuis
674 1871 811 1907 AEdilis
831 1870 1011 1906 Ulubris?

111 1920 213 1971 Ergo
234 1923 320 1970 quid
340 1923 545 1971 optandum
568 1922 672 1967 foret,
695 1922 1032 1971 ignorasse-fateris

111 1974 289 2023 Sejanum
309 1988 315 2010 :
346 1987 432 2010 nam
452 1974 513 2022 qui
535 1975 668 2011 nimios
682 1975 833 2022 optabat
852 1975 1024 2021 honores,

111 2026 160 2062 Et
180 2027 313 2063 nimias
332 2026 508 2074 poscebat
526 2039 627 2074 opeS‚
650 2039 849 2062 numerosa
868 2027 1021 2075 parabat

111 2079 280 2115 Excelsae
300 2079 410 2115 turris
430 2079 606 2124 tabulata,
627 2079 726 2115 unde
748 2079 854 2115 altior
873 2086 973 2115 esset

110 2131 244 2177 Casus,
264 2139 301 2167 et
320 2131 488 2179 impulsae
508 2143 674 2179 praeceps
689 2131 853 2167 immane
874 2131 1005 2167 ruinae.

109 2182 217 2222 Quid
238 2183 405 2229 Crassos,
425 2183 513 2231 quid
534 2183 733 2232 Pompeios
753 2183 912 2219 evertit?
942 2190 980 2219 et
999 2184 1118 2231 illum,

111 2236 172 2272 Ad
193 2248 259 2271 sua
278 2236 339 2283 qui
360 2235 519 2271 domitos
540 2235 694 2271 deduxit
715 2235 828 2284 flagra
847 2235 1049 2274 Quirites?

111 2288 289 2323 Summus
309 2300 444 2335 nempe
463 2288 568 2324 locus
588 2288 691 2324 nulla
712 2300 786 2323 non
808 2295 884 2323 arte
904 2288 1056 2336 petitus,

112 2339 327 2388 Magnaque
347 2339 564 2375 numinibus
584 2347 666 2376 vota
685 2340 864 2376 exaudita
883 2340 1068 2388 malignis.

111 2392 171 2427 Ad
188 2404 366 2440 generum
389 2390 540 2427 Cereris
560 2392 640 2427 sine
660 2392 766 2427 caede
786 2399 824 2427 et
844 2392 996 2428 vulnere
1016 2393 1127 2441 pauci

110 2443 357 2480 Descendunt
373 2456 493 2491 reges
514 2451 550 2480 et
566 2443 668 2480 sicea
690 2451 806 2480 morte
827 2445 985 2493 tyranni.

1366 121 1418 156 55

1367 212 1418 247 70

1366 728 1420 764 80

1366 1247 1420 1283 90

1345 1767 1419 1804 100

1344 2028 1418 2065 105

1344 2289 1418 2326 110
