1596 2779
624 146 785 176 SATIRA
812 145 870 175 VI.

91 241 213 279 Altior
233 242 294 278 hic
318 253 430 288 quare
451 240 650 276 cincinnus
665 240 679 274 ’ζ
693 285 695 287 ¹
708 238 859 274 Taurea
879 244 987 286 punit

91 291 283 330 Continuo
305 292 388 328 flexi
409 291 552 327 crimen
574 291 791 337 facinusque
812 289 946 337 capilli.
970 325 973 328 Δ

88 344 197 383 Quid
219 345 355 390 Psecas
377 343 554 379 admisit?
583 353 755 389 quaenam
774 348 830 376 est
850 340 912 376 hic
933 340 1043 388 culpa
1062 339 1210 388 puellae,

90 396 132 432 Si
153 397 218 432 tibi
239 395 428 444 displicuit
447 406 561 430 nasus
580 401 666 429 tuus
682 394 696 428 Τ
754 392 885 428 Altera
903 391 1038 427 laevum

89 446 284 493 Extendit,
305 447 493 496 pectitque
512 457 653 489 comas,
673 451 710 480 et
729 444 839 480 volvit
856 443 894 479 in
913 444 1053 480 orbem.

89 498 157 535 Est
177 499 214 535 in
236 498 393 535 consilio
413 504 580 533 matrona
600 496 822 543 admotaque
843 494 937 531 lanis

90 549 257 587 Emerita
276 562 358 598 quae
380 556 501 585 cessat
521 560 591 584 acu
608 560 614 583 :
644 546 831 583 sententia
849 546 970 594 prima

89 601 214 650 Hujus
233 602 327 645 erit;
357 608 438 650 post
458 601 555 636 hanc
576 605 684 635 aetate
705 606 814 646 atque
834 606 911 634 arte
931 597 1097 634 minores

88 654 322 695 Censebunt,
342 660 518 700 tanquam
540 651 646 687 samae
667 650 868 686 discrimen
889 657 1018 698 agatur

88 706 168 742 Aut
189 705 322 741 animae
340 717 347 740 :
377 711 481 740 tanta
499 711 556 739 est
574 702 765 751 quaerendi
786 714 877 737 cura
897 701 1053 738 decoris.
1115 737 1117 741 ,

88 756 164 793 Tot
182 757 316 805 premit
334 756 541 801 ordinibus,
561 763 613 791 tot
632 755 756 790 adhuc
777 753 1022 802 compagibus
1042 753 1158 789 altum

88 808 268 844 AEdificat
288 815 411 855 caput.
468 806 764 843 Andromachen
785 818 806 841 a
827 805 945 841 fronte
966 805 1130 841 videbis:

87 858 178 896 Post
198 860 317 896 minor
339 867 395 895 est
412 872 419 894 z
449 859 580 894 credas
599 858 720 893 aliam.
776 857 894 902 Cedo,
915 857 945 892 si
966 857 1075 892 breve
1090 855 1193 905 parvi

88 912 227 948 Sortita
247 919 304 947 est
322 910 447 950 lateris
462 910 636 958 spatium,
657 909 871 955 breviorque
893 908 1036 944 videtur

87 963 244 1011 Virgine
265 963 454 1010 Pygmaea,
475 961 587 997 nullis
607 961 732 1008 adjuta
751 959 957 1004 cothurnis,

87 1014 136 1051 Et
155 1015 245 1051 levis
264 1015 389 1050 erecta
410 1013 603 1061 consurgit
622 1012 668 1048 ad
684 1012 814 1048 oscula
833 1011 990 1060 planta?

139 1066 255 1103 Nulla
273 1066 340 1101 viri
361 1078 452 1101 cura
471 1065 625 1110 interea,
647 1076 717 1100 nec
738 1061 877 1099 mentio
893 1063 956 1099 fiet

87 1118 320 1154 Damnorum
339 1130 346 1152 :
377 1117 464 1153 vivit
483 1124 658 1164 tanquam
678 1116 800 1151 vicina
819 1115 962 1151 marito.

87 1170 173 1206 Hoc
192 1169 269 1206 solo
288 1169 448 1218 propior,
468 1167 568 1216 quod
591 1168 730 1203 amicos
750 1166 921 1215 conjugis
939 1166 1017 1202 odit

86 1221 136 1258 Et
154 1234 289 1267 servos,
309 1220 430 1269 gravis
449 1228 505 1256 est
523 1219 740 1256 rationibus.
797 1218 899 1254 Ecce
919 1218 1076 1254 furentis

86 1274 253 1310 Bellonae
274 1272 473 1322 matrisque
488 1271 608 1308 'desim
627 1271 763 1307 chorus
783 1270 908 1316 intrat,
928 1278 966 1306 et
985 1270 1121 1318 ingens

88 1326 313 1371 Semivir,—

189 1376 305 1413 --cui
324 1388 439 1412 rauca
458 1376 603 1420 cohors,
623 1375 685 1411 cui
706 1381 882 1422 tympana
902 1373 1042 1410 cedunt

86 1428 251 1474 Plebeia‚
271 1435 308 1464 et
328 1426 492 1475 Phrygia
512 1426 666 1462 vestitur
686 1426 806 1461 bucca
825 1426 931 1462 tiara.

84 1481 239 1517 Grande
259 1487 377 1524 sonat,
397 1478 587 1526 metuique
604 1478 710 1526 jubet
729 1477 960 1526 Septembris
979 1485 1016 1514 et
1036 1478 1166 1514 Austri

86 1533 315 1577 Adventum,
335 1530 407 1567 nisi
426 1543 466 1566 se
486 1538 637 1566 centurn
658 1529 865 1565 lustraverit
883 1529 973 1575 ovis,

85 1584 136 1621 Et
151 1583 422 1632 xerampelinas
439 1590 579 1618 veteres
599 1581 791 1618 donaverit
811 1581 893 1629 ipsi,

85 1636 148 1682 Ut,
168 1635 348 1684 quidquid
368 1633 479 1670 subiti
500 1641 536 1670 et
555 1634 681 1681 magni
702 1632 930 1668 discriminis
951 1633 1075 1679 instat,

86 1687 134 1724 In
153 1687 301 1724 tunicas
320 1694 391 1733 eat,
411 1693 448 1722 et
468 1693 586 1722 totum
606 1685 720 1721 semel
740 1684 864 1732 expiet
879 1697 1031 1720 annum.

86 1739 299 1776 Hibernum
317 1735 436 1775 fracta
455 1737 577 1786 glacie
595 1737 800 1773 descendet
820 1736 857 1772 in
879 1749 1041 1783 amnem,

85 1791 164 1828 Ter
185 1790 368 1827 matutino
387 1789 518 1825 Tiberi
540 1797 741 1837 mergetur,
761 1796 799 1825 et
820 1788 909 1836 ipsis

85 1843 302 1880 Vorticibus
320 1842 493 1878 timidum
512 1848 625 1889 caput
644 1840 771 1877 abluet
789 1853 795 1875 :
826 1840 913 1876 inde
927 1840 1090 1888 Superbi

86 1894 229 1932 Totum
249 1894 346 1942 regis
366 1905 497 1942 agrum
516 1893 617 1928 nuda
637 1905 680 1928 ac
700 1891 948 1928 tremebunda
967 1892 1135 1928 cruentis

86 1946 227 1995 Erepet
245 1946 418 1994 genibus.
476 1944 517 1980 Si
536 1944 700 1980 candida
716 1943 869 1991 jusserit
888 1942 944 1989 Io,

87 1997 162 2034 Ibit
179 1999 225 2035 ad
246 1997 400 2045 AEgypti
420 1996 546 2041 finem,
567 1996 765 2043 calidaque
785 1995 919 2043 petitas

87 2050 123 2086 A
146 2049 274 2086 Meroe
295 2048 453 2097 portabit
472 2060 597 2095 aquas,
617 2054 658 2083 ut
677 2053 824 2095 spargat
844 2047 880 2082 in
903 2047 1022 2083 aedem

87 2101 211 2148 Isidis,
231 2101 382 2149 antiquo
400 2112 482 2148 quae
501 2099 667 2147 proxima
686 2099 804 2147 surgit
821 2098 919 2135 ovili.

87 2154 220 2190 Credit
238 2153 338 2189 enim
357 2152 471 2200 ipsius
491 2151 651 2187 dominae
671 2163 710 2186 se
730 2162 820 2186 voce
840 2150 995 2186 moneri.

89 2205 149 2242 En
170 2205 333 2241 animam
353 2210 390 2239 et
405 2210 581 2248 mentem,
602 2215 689 2238 cum
708 2202 781 2250 qua
798 2200 836 2237 di
858 2209 968 2238 nocte
987 2201 1208 2249 loquantur!

87 2255 190 2306 Ergo
211 2257 272 2293 hio
287 2255 517 2304 praecipuum
537 2266 799 2301 summumque
819 2261 981 2289 meretur
1002 2254 1194 2299 honorem,

86 2308 168 2348 Qui
188 2319 301 2357 grege
321 2306 478 2355 linigero
498 2306 767 2351 circumdatus,
783 2311 821 2341 et
838 2317 952 2354 grege
972 2304 1077 2342 calvo

89 2359 306 2409 Plangeutis
320 2358 447 2407 populi
467 2358 582 2394 currit
601 2358 741 2394 derisor
761 2357 921 2393 Anubis.

89 2411 158 2448 Ille
177 2411 268 2460 petit
288 2411 445 2455 veniam,
465 2410 609 2458 quoties
628 2422 703 2445 non
724 2408 884 2445 abstinet
903 2421 995 2446 uxor

89 2463 305 2500 Concubitu
325 2462 440 2498 sacris
459 2462 775 2509 observandisque
796 2460 929 2496 diebus
945 2473 953 2505 3

1344 148 1394 184 33

1318 391 1395 428 380

1316 650 1395 687 385

1314 1424 1392 1464 400

1313 1685 1390 1722 405

1312 1942 1389 1979 410

1312 2200 1388 2236 415

1314 2457 1390 2493 420
