1596 2779
652 121 817 153 SATIRA
843 116 902 152 IV.

115 214 244 264 thue
264 215 368 252 lacus
388 215 577 261 suberant,
598 215 675 262 ubi,
696 228 908 264 quanquam
929 216 1064 262 diruta,
1085 223 1206 253 servat

116 267 251 317 Ignem
270 267 480 316 Trojanum
513 275 551 304 et
571 268 724 304 Vestam
741 268 829 304 colit
850 268 949 304 Alba
969 268 1165 315 minorem,

114 319 271 356 Obstitit
290 319 443 356 intranti
464 319 631 355 miratrix
650 320 758 356 turba
778 332 987 368 parumper.

116 371 165 408 Ut
183 372 311 417 cessit,
332 371 433 408 facili
451 379 651 420 patuerunt
671 372 824 407 cardine
846 372 968 408 valvae.

120 423 270 460 Exclusi
291 431 459 471 spectant
479 424 639 459 admissa
658 424 814 472 opsonia
835 423 973 460 Patres.

120 475 195 512 [tur
216 476 260 512 ad
282 475 465 511 Atridem.
522 475 625 510 Tum
646 475 796 522 Picens,
820 476 976 525 Accipe,
997 476 1103 522 dixit,

115 527 270 563 Privatis
290 527 429 576 majora
450 528 563 563 focis:
594 528 751 576 genialis
772 535 901 576 agatur

114 579 190 615 Iste
210 580 302 625 dies,
323 592 478 628 propera
497 580 732 616 stomachum
751 579 875 616 laxare
895 580 1047 629 saginis,

114 631 164 668 Et
182 637 246 667 tua
265 639 449 667 servatum
470 643 649 668 consume
670 630 707 667 in
727 631 865 667 saecula
883 633 1091 668 rhombum.

114 681 201 730 Ipse
231 683 315 731 capi
344 681 483 718 voluit:
504 682 602 730 -quid
634 683 826 730 apertius?
854 689 891 718 et
918 690 1045 719 tamen
1076 683 1128 720 illi

115 733 329 782 Surgebant
348 734 480 770 cristae.
538 733 643 770 Nihil
663 742 732 780 est,
752 735 850 782 quod
872 736 1025 771 credere
1046 736 1092 772 de
1112 749 1152 773 se

114 784 203 822 Non
223 786 348 835 possit,
369 798 484 833 quum
503 786 675 822 laudatur
695 785 753 822 dis
773 800 877 834 aequa
896 795 1068 836 potestas.

115 837 191 874 Sed
213 838 341 874 deerat
359 838 452 886 pisci
472 838 608 886 patinae
628 851 813 874 mensura.
871 840 1064 876 Vocantur

114 888 216 939 Ergo
237 890 274 926 in
296 891 493 926 consilium
513 903 699 938 proceres,
719 904 810 938 quos
829 892 960 927 oderat
980 891 1069 936 Ille;

113 940 160 978 In
180 954 337 990 quorum
358 942 451 978 facie
472 943 615 978 miserae
636 946 855 991 magumque
875 944 1029 980 sedebat

113 993 235 1031 Pallor
255 995 440 1031 amicitiae.
498 994 657 1040 Primus,
679 995 864 1031 clamante
884 995 1065 1042 Liburno,

113 1046 283 1084 Currite!
311 1047 388 1096 jam
408 1047 503 1083 sedit
520 1047 526 1082 !
558 1047 661 1096 rapta
681 1048 900 1095 properabat
920 1048 1041 1084 abolla

113 1098 292 1148 Pegasus,
309 1100 473 1135 attonitae
493 1099 633 1148 positus
654 1098 765 1135 modo
788 1100 932 1136 villicus
952 1100 1054 1137 Urbi.

112 1152 227 1188 Anne
247 1152 346 1187 aliud
363 1159 454 1187 tunc
473 1152 638 1199 praefecti
651 1152 664 1187 ’ἰ
693 1165 850 1200 quorum
871 1153 1032 1201 optimus
1052 1161 1160 1202 atque

112 1202 301 1252 Interpres
320 1204 446 1252 legum
466 1204 738 1249 sanctissimus,
758 1205 884 1240 onmia
904 1218 1116 1254 quanquam

111 1255 363 1304 Temporibus
383 1255 473 1292 diris
492 1257 686 1292 tractanda
705 1257 856 1305 putabat
878 1257 1011 1294 inermi

110 1307 273 1345 Justitia.
330 1308 446 1345 Venit
464 1316 501 1344 et
521 1308 642 1357 Crispi
659 1309 828 1357 jucunda
848 1317 1036 1356 senectus,

111 1360 229 1409 Cujus
249 1369 354 1397 erant
373 1373 507 1407 moreS,
527 1361 645 1408 qualis
666 1361 853 1408 facundia,
874 1363 962 1398 mite

110 1412 317 1462 Ingenium
336 1426 343 1449 ι
373 1413 490 1449 maria
510 1426 554 1450 ac
573 1422 689 1450 terras
709 1414 938 1463 populosque
959 1415 1105 1464 regenti

108 1464 209 1504 Quis
229 1478 356 1502 comes
376 1465 511 1512 utilior,
531 1465 563 1502 si
583 1467 692 1503 clade
712 1474 747 1502 et
768 1474 869 1515 peste
890 1467 959 1502 sub
979 1467 1042 1503 illa

111 1517 300 1554 Saevitiam
321 1518 500 1554 damnare
520 1526 556 1554 et
573 1520 774 1555 honestum
795 1519 927 1555 afferre
948 1519 1080 1556 liceret

109 1569 352 1607 Consilium?
409 1571 484 1606 Sed
506 1571 594 1618 quid
616 1571 813 1607 violentius
833 1584 922 1608 aure
943 1573 1105 1620 tyranni,

110 1622 208 1658 Cum
228 1635 301 1670 quo
321 1623 368 1658 de
387 1622 534 1671 pluviis,
556 1631 619 1658 aut
639 1623 803 1668 aestibus,
825 1631 890 1660 aut
910 1624 1081 1661 nimboso

110 1674 209 1711 Vere
229 1676 388 1711 locuturi
411 1675 526 1710 fatum
546 1676 734 1723 pendebat
753 1676 863 1712 amici
880 1676 894 1711 Ί

109 1726 177 1763 Ille
198 1727 310 1776 igitur
331 1739 523 1775 nunquam
544 1728 676 1764 direxit
699 1728 850 1764 brachia
870 1736 1001 1765 contra

108 1779 347 1825 Torrentem,
368 1792 439 1815 nec
460 1780 550 1816 civis
571 1790 663 1826 erat,
683 1780 744 1829 qui
766 1780 882 1817 libera
900 1789 1025 1830 posset

108 1832 232 1868 Verba
252 1832 367 1868 animi
387 1832 561 1881 proferre,
582 1840 619 1869 et
638 1833 750 1869 vitam
771 1833 986 1881 impendere
1009 1847 1104 1871 vero.

108 1885 173 1921 Sic
193 1885 326 1920 multas
348 1885 488 1921 hiemes
509 1893 617 1933 atque
636 1886 865 1933 octogesima
886 1886 976 1921 vidit

108 1937 284 1981 Solstitia,
316 1937 373 1973 his
403 1937 515 1973 armis
546 1935 609 1973 illa
637 1950 784 1986 quoque
813 1945 914 1974 tutus
935 1938 972 1974 in
994 1938 1093 1975 aula.

107 1988 303 2026 Proximus
322 1989 490 2038 ejusdem
509 1989 730 2038 properabat
750 1990 898 2026 Acilius
919 1991 987 2026 aevi

107 2041 206 2077 Cum
222 2041 373 2090 juvene,
394 2042 562 2090 indigno,
582 2055 692 2090 quem
713 2055 811 2078 mors
831 2050 906 2078 tam
927 2056 1023 2079 saeva
1043 2051 1225 2090 maneret,

107 2093 156 2131 Et
176 2094 327 2130 Domini
347 2094 481 2143 gladiis
501 2102 575 2130 tarn
597 2094 768 2130 festinata
787 2108 794 2140 ;
824 2096 889 2131 sed
909 2095 998 2131 olim

107 2145 283 2194 Prodigio
302 2159 367 2195 par
387 2154 443 2182 est
462 2159 548 2182 cum
569 2147 762 2183 nobilitate
782 2155 979 2192 senectus;

106 2197 216 2235 Unde
236 2199 288 2244 fit,
315 2206 354 2235 ut
373 2199 501 2235 malim
523 2199 742 2235 fraterculus
762 2212 842 2235 esse
862 2200 1035 2248 gigantis.

107 2250 250 2288 Profuit
269 2249 359 2299 ergo
379 2252 469 2288 nihil
493 2252 641 2297 misero,
663 2250 763 2299 quod
784 2252 957 2288 cominus
974 2266 1078 2289 ursos

106 2303 267 2353 Pigebat
286 2303 487 2349 Numidas,
509 2304 659 2340 Albana
679 2304 803 2339 nudus
822 2305 937 2341 arena

106 2356 284 2393 Venator.
338 2355 440 2394 Quis
459 2357 561 2393 enim
577 2356 653 2404 jain
673 2370 751 2392 non
772 2357 954 2406 intelligat
973 2365 1070 2394 artes

110 2407 316 2445 patricias?
345 2409 427 2457 quis
446 2409 611 2457 priscum
631 2409 721 2445 illud
742 2409 895 2446 miretur
915 2422 1089 2456 acumen,

106 2460 235 2509 Brute,
255 2461 390 2498 tuum?
419 2460 574 2549 Ωῐὲεοίἰε
594 2468 650 2497 est
670 2461 822 2498 barbato
842 2462 1033 2511 imponere
1054 2463 1144 2512 regi.

1383 121 1427 157 17

1378 268 1429 304 60

1377 529 1427 564 65

1378 790 1428 826 70

1376 1050 1425 1087 75

1373 1312 1424 1349 80

1372 1574 1423 1611 85

1370 1836 1422 1874 90

1369 2097 1420 2134 95

1348 2359 1420 2396 100
