1596 2779
176 149 227 186 72
588 147 629 178 D.
653 147 779 178 JUNII
803 147 1060 178 JUVENALIS

176 239 247 277 Vel
268 238 403 289 potius,
423 238 604 288 quantum
623 240 810 276 Gradivus
830 240 1079 276 Homericus:
1110 239 1244 285 Audis,

176 291 336 339 Jupiter,
357 293 452 337 haec,
472 305 542 328 nec
562 292 663 328 labra
682 304 818 336 moves,
839 304 953 339 quum
973 292 1120 327 mittere
1140 303 1268 327 vocem

177 342 383 388 Debueras,
405 343 459 379 vel
479 355 722 388 marmoreus,
744 344 799 379 vel
822 343 991 379 aeneus?
1021 350 1166 379 auteur

177 393 222 430 In
243 395 403 430 carbone
422 402 485 430 tuo
505 395 634 430 charta
653 394 713 442 pia
731 395 839 430 thura
858 394 976 430 soluta

177 445 368 491 Ponimus,
388 453 425 482 et
444 454 587 481 sectum
607 445 709 481 vituli
725 446 844 493 jecur,
865 445 1020 492 albaque
1040 445 1141 494 porci

177 496 367 533 Omenta'?
395 497 445 533 Ut
464 497 582 542 video,
603 497 746 532 nullum
767 497 968 532 discrimen
990 497 1203 533 habendum
1225 502 1282 532 est

177 547 332 596 Effigies
352 548 447 584 inter
467 556 619 594 vestras,
638 556 870 595 statuamque
891 548 1050 595 Vagelli.

231 600 390 648 Accipe,
410 612 492 648 quae
512 599 642 636 contra
662 600 781 635 valeat
800 599 930 635 solatia
951 600 1057 645 ferre,

178 650 226 687 Et
245 652 306 698 qui
328 664 398 687 nec
418 652 582 699 Cynicos
602 664 673 687 nec
695 652 823 687 Stoi'ca
843 651 1018 699 dogmata
1037 651 1128 699 legit

178 703 215 738 A
236 702 390 750 Cynicis
408 704 538 738 tunica
559 703 745 747 distantia,
766 715 842 738 non
859 702 1065 749 Epicurum

179 754 344 802 Suspicit
362 754 486 802 exigui
507 755 631 790 Iaetum
651 754 880 801 plantaribus
897 754 1002 789 horti.

178 805 367 841 curentur
386 806 488 842 dubii
509 805 664 841 medicis
679 805 881 853 majoribus
902 805 1013 853 aegri3

178 857 242 893 Tu
262 869 397 893 venam
418 857 473 893 vel
494 857 676 905 discipulo
696 857 886 892 committe
908 856 1080 905 Philippi.

180 909 220 944 Si
240 908 385 944 nullum
405 909 442 944 in
462 909 568 945 terris
587 916 662 944 tam
683 909 902 945 detestabile
924 909 1063 944 sactum

178 959 372 1006 Ostendis,
392 968 519 1004 taceo;
550 973 621 996 nec
640 960 774 1008 pugnis
795 961 939 995 caedere
961 967 1091 1008 pectus

179 1011 240 1047 Te
260 1019 354 1057 veto,
374 1024 445 1048 nec
464 1012 573 1060 plana
595 1012 728 1047 faciem
749 1012 979 1048 contundere
999 1011 1134 1059 palma,

178 1062 498 1111 Quandoquidem
519 1070 672 1111 accepto
692 1063 901 1098 claudenda
921 1072 976 1099 est
993 1063 1105 1110 janua
1123 1063 1273 1108 damno,

180 1114 229 1149 Et
248 1115 385 1162 majore
405 1115 537 1150 domus
556 1122 709 1162 gemitu,
725 1115 862 1163 majore
881 1114 1043 1150 tumultu

180 1165 414 1214 Planguntur
434 1167 590 1211 nummi,
611 1165 722 1214 quam
743 1166 884 1202 funera.
942 1165 1066 1202 Nemo
1084 1165 1250 1202 dolorem

181 1217 309 1265 Fingit
328 1218 366 1254 in
387 1218 457 1254 hoc
478 1230 580 1263 casu,
602 1226 741 1253 vestem
761 1218 948 1254 deducere
968 1230 1152 1253 summam

181 1269 404 1315 Contentus,
424 1282 556 1305 vexare
576 1269 702 1305 oculos
723 1270 876 1305 humore
897 1278 1039 1305 coacto.

180 1321 350 1357 Ploratur
369 1321 543 1369 lacrymis
563 1321 699 1357 amissa
718 1321 877 1369 pecunia
898 1321 1002 1358 veris.

181 1373 256 1409 Sed
278 1374 308 1409 si
328 1381 465 1409 cuncta
486 1373 587 1409 vides
606 1373 716 1409 simili
738 1373 814 1409 fora
832 1372 942 1421 plena
961 1372 1127 1421 querela,

182 1425 235 1470 Si,
256 1425 381 1461 decies
400 1425 507 1461 lectis
522 1425 666 1461 diversa
686 1433 788 1473 parte
804 1424 962 1469 tabellis,

180 1477 291 1512 Vana
310 1477 528 1525 supervacui
549 1477 679 1512 dicunt
698 1476 944 1524 chirographa
964 1475 1068 1524 ligni,

181 1528 319 1576 Arguit
339 1529 501 1576 ipsorum
521 1542 612 1576 quos
632 1528 765 1573 littera,
786 1540 1007 1577 gemmaque
1027 1527 1200 1576 princeps

183 1577 461 1627 Sardo'nychus,
482 1581 614 1616 loculis
633 1593 715 1628 quae
734 1580 940 1616 custoditur
959 1579 1112 1615 eburnis
1130 1592 1139 1615 2

182 1632 295 1677 Ten',
316 1632 351 1667 O
372 1632 546 1668 delicias!
577 1640 680 1668 extra
699 1629 912 1667 communia
933 1644 1065 1667 censes

183 1683 433 1720 Ponendum?
463 1683 544 1722 Qui
565 1692 604 1720 tu
624 1683 770 1732 gallinae
792 1683 889 1719 filius
909 1683 1014 1728 albae,

182 1735 262 1771 Nos
279 1736 366 1771 viles
386 1735 475 1784 pulli
496 1736 571 1771 nati
593 1735 804 1771 infelicibus
824 1735 929 1771 ovis?

182 1787 280 1822 Rem
301 1787 438 1835 pateris
458 1787 657 1832 modicam,
672 1797 708 1823 et
728 1786 907 1823 mediocri
928 1786 1000 1822 bile
1021 1785 1226 1832 serendam,

183 1839 224 1874 Si
245 1838 371 1875 flectas
390 1839 518 1875 oculos
538 1839 676 1887 majora
693 1839 737 1874 ad
759 1839 926 1874 crimina.
983 1837 1122 1873 Confer

183 1890 424 1926 Conductum
443 1890 640 1936 latronem,
660 1890 834 1926 incendia
851 1890 1026 1937 sulphure
1047 1896 1169 1937 coepta

183 1943 308 1990 Atque
329 1942 426 1987 dolo,
447 1942 584 1991 primos
603 1955 718 1990 quum
735 1942 851 1990 janua
872 1941 1013 1989 colligit
1034 1941 1163 1989 ignes3

183 1994 323 2030 Confer
342 2001 379 2030 et
399 1994 478 2039 hos,
499 1994 632 2030 veteris
650 1994 712 2041 qui
732 1994 865 2029 tollunt
883 1993 1041 2041 grandia
1060 1992 1188 2041 templi

183 2045 326 2081 Pocula
345 2046 543 2081 adorandae
565 2045 759 2093 rubiginis,
780 2052 817 2080 et
835 2044 1057 2093 populorum

184 2097 307 2143 Dona,
327 2097 384 2133 vel
405 2097 557 2145 antiquo
574 2098 711 2144 positas
732 2108 754 2132 a
771 2109 858 2145 rege
878 2108 1045 2132 coronas.

184 2149 281 2184 Haec
302 2149 351 2185 ibi
373 2149 403 2184 si
423 2162 496 2184 non
517 2156 615 2193 sunt,
635 2148 756 2184 minor
776 2156 895 2184 exstat
914 2147 1130 2196 sacrilegus,
1151 2146 1215 2194 qui

186 2200 312 2236 Radat
333 2200 490 2236 inaurati
512 2200 629 2236 femur
650 2200 839 2245 Herculis,
859 2207 896 2236 et
916 2199 1048 2235 faciem
1071 2199 1188 2247 ipsam

185 2252 373 2300 Neptuni3
404 2252 465 2300 qui
487 2252 710 2287 bracteolam
733 2252 778 2288 de
799 2252 953 2288 Castore
974 2252 1096 2287 ducat.

186 2305 248 2340 An
270 2305 425 2349 dubitet,
446 2304 573 2340 solitus
593 2311 709 2340 totum
732 2303 894 2339 conflare
915 2302 1159 2339 Tonantem?

185 2356 324 2392 Confer
344 2363 380 2392 et
400 2356 572 2401 artifices,
588 2363 905 2403 mercatoremque
926 2355 1073 2400 veneni,

186 2407 235 2443 Et
254 2408 518 2443 deducendum
538 2408 638 2443 corio
658 2407 760 2443 bovis
781 2408 817 2443 in
841 2419 954 2452 mare,
975 2419 1061 2442 cum
1081 2419 1154 2454 quo

186 2459 381 2495 Clauditur
402 2459 564 2495 adversis
585 2459 737 2495 innoxia
756 2459 863 2495 simia
883 2459 977 2495 fatis.

1411 598 1483 634 120

1411 855 1484 892 125

1412 1113 1487 1150 130

1414 1371 1486 1407 135

1414 1629 1487 1665 140

1410 1887 1485 1923 145

1416 2145 1490 2182 150
