1596 2779
323 354 401 402 D.
455 351 689 401 JUNII
741 347 1214 398 JUVENALIS

664 521 880 550 AQUINATls

527 667 1020 711 SATIRARUM

579 837 717 868 LIBER
740 836 966 873 QUARTUS.

630 1123 839 1160 SATIRA
868 1123 918 1159 X.

175 1228 366 1266 OMNIBUS
386 1228 425 1264 in
447 1227 569 1274 terris,
590 1240 673 1276 quae
695 1234 783 1263 sunt
803 1240 824 1263 a
842 1226 1015 1263 Gadibus
1035 1238 1153 1274 usque

125 1281 314 1318 Auroram
333 1287 370 1316 et
385 1280 564 1328 Gangen,
583 1279 695 1328 pauci
716 1279 940 1327 dignoscere
959 1285 1115 1327 possunt

124 1333 225 1370 Vera
241 1334 338 1369 bona
357 1340 466 1379 atque
486 1332 557 1368 illis
577 1330 736 1368 multum
758 1331 917 1376 diversa,
937 1331 1080 1367 remota

125 1385 271 1422 Erroris
291 1384 440 1421 nebula.
496 1383 603 1422 Quid
624 1384 725 1419 enim
746 1384 890 1420 ratione
910 1383 1098 1429 timemus,

125 1438 205 1474 Aut
223 1437 420 1486 cupimus?
448 1436 536 1483 quid
556 1443 631 1472 tam
654 1436 783 1472 dextro
803 1435 898 1485 pede
918 1436 1100 1484 concipis,
1121 1442 1162 1472 ut
1180 1442 1218 1471 te

124 1488 294 1526 Conatus
314 1502 389 1525 non
408 1489 600 1536 poeniteat,
620 1488 768 1536 votique
788 1488 959 1537 peracti?

125 1540 304 1578 Evertere
325 1542 454 1577 domos
473 1548 581 1586 totas,
601 1540 818 1588 optantibus
838 1539 939 1588 ipsis,

125 1592 175 1629 Di
197 1594 335 1630 faciles.
375 1591 578 1629 Nocitura
598 1593 699 1640 toga,
720 1592 893 1628 nocitura
913 1599 1089 1640 petuntur

127 1644 275 1682 Militia.
332 1644 501 1681 Torrens
520 1644 671 1680 dicendi
693 1644 801 1693 copia
820 1644 958 1690 multi&

126 1696 175 1734 Et
194 1711 261 1734 sua
282 1696 469 1733 mortifera
488 1704 543 1732 est
564 1696 751 1732 facundia.
818 1696 972 1733 Viribus
992 1696 1052 1733 ille

125 1749 302 1786 Confisus
322 1749 430 1798 periit
452 1749 753 1796 admirandisque
774 1749 933 1785 lacertis.

127 1802 203 1838 Sed
222 1802 346 1851 plures
366 1800 483 1836 nimia
503 1809 682 1849 congesta
702 1801 862 1850 pecunia
882 1802 973 1837 cura

127 1854 356 1903 Strangulat‚
376 1862 413 1890 et
433 1860 570 1889 cuncta
589 1866 817 1902 exsuperans
836 1853 1061 1901 patrimonia
1080 1865 1232 1901 census,

125 1905 283 1945 Quanto
303 1905 488 1953 delphinis
511 1905 654 1941 balaena
676 1905 895 1941 Britannica
915 1907 1044 1954 major.

128 1958 381 2006 Temporibus
401 1957 490 1992 diris
511 1956 635 2005 igitur,
652 1957 831 2005 jussuque
852 1957 1029 2003 Neronis,

127 2010 341 2059 Longinum
362 2017 398 2045 et
418 2021 575 2056 magnos
596 2010 752 2045 Senecae
772 2010 975 2058 praedivitis
995 2010 1122 2046 hortos

127 2062 285 2108 Clausit,
309 2069 346 2097 et
365 2061 538 2110 egregias
557 2061 830 2097 Lateranorum
854 2062 1001 2099 obsidet
1021 2062 1121 2098 aedes

128 2115 229 2151 Tota
248 2114 402 2150 cohors:
433 2126 537 2149 rarus
557 2113 657 2150 venit
677 2114 713 2150 in
736 2114 934 2151 coenacula
949 2115 1066 2151 miles.

129 2166 258 2203 Pauca
278 2164 369 2203 licet
387 2173 511 2214 portes
531 2167 676 2214 argenti
697 2167 849 2203 vascula
867 2166 962 2216 puri,

129 2217 253 2255 Nocte
274 2219 343 2255 iter
363 2219 553 2266 ingressus
573 2219 741 2267 gladium
761 2227 990 2267 contumque
1010 2219 1174 2266 timebis,

129 2270 178 2308 Et
194 2278 302 2308 motae
323 2270 368 2306 ad
389 2270 517 2306 lunam
536 2270 739 2319 trepidabis
759 2272 955 2307 arundinis
974 2271 1146 2308 umbram
1163 2283 1171 2307 τ

129 2323 308 2360 Cantabit
329 2334 467 2358 vacuus
486 2334 611 2358 coram
631 2323 773 2359 latrone
795 2323 920 2360 viator.

131 2374 257 2412 Prima
277 2373 354 2411 fere
376 2382 459 2411 vota
478 2382 515 2410 et
532 2375 682 2411 cunctis
702 2375 897 2412 notissima
917 2375 1066 2425 templis

131 2426 301 2471 Divitiae;
332 2434 504 2463 crescant
524 2433 563 2462 ut
581 2440 685 2475 opeS‚
706 2434 746 2463 ut
765 2428 928 2464 maxima
948 2436 1025 2465 toto

131 2479 270 2517 Nostra
289 2479 336 2516 sit
356 2491 442 2516 arca
463 2479 572 2567 foro.4
588 2480 682 2552 *Sed
704 2480 808 2516 nulla
829 2481 980 2517 aconita
999 2480 1177 2518 bibuntur

1406 1434 1430 1471 C!

1390 1696 1434 1732 [ss

1388 1959 1435 1994 15

1384 2220 1437 2256 ‘20

1388 2482 1411 2518 ὶυ

1414 2482 1438 2517 GR
