1596 2779
646 144 811 174 SATIRA
836 142 862 172 Ι.

101 241 234 281 Quem
253 239 390 289 patitur
411 238 572 275 dormire
592 237 710 274 nurus
729 246 921 284 corruptor
941 247 1072 280 avarae,

61 324 66 327 .
101 293 231 332 Quem
251 304 396 341 sponsae
416 298 556 339 turpes,
577 299 614 326 et
632 297 872 338 praetextatus
893 287 1062 324 adulter?

104 345 144 381 Si
165 352 298 381 natura
317 351 441 392 negat,
464 343 551 378 facit
571 342 778 390 indignatio
798 353 958 384 versum,

102 396 420 444 Qualemcunque
440 402 572 443 potest,
592 394 720 442 quales
739 406 822 441 ego,
843 392 898 428 vel
920 391 1137 428 Cluvienus.

158 448 214 484 Ex
233 461 305 496 quo
325 447 548 492 Deucalion,
570 446 706 482 nimbis
727 444 942 481 tollentibus
963 455 1099 491 oequor,

104 500 265 548 Navigio
285 506 450 535 montem
472 499 653 544 ascendit,
674 505 863 544 sortesque
884 495 1063 545 poposcit,

103 551 362 599 Paulatimque
383 551 508 587 anima
527 550 723 586 caluerunt
743 549 866 585 mollia
887 562 987 594 saxa,

104 603 154 641 Et
172 604 336 639 maribus
357 603 477 638 nudas
495 603 659 639 ostendit
679 602 820 650 Pyrrha
838 601 981 649 puellas
996 613 1003 636 :

104 656 302 704 Quidquid
323 663 439 703 agunt
460 655 642 700 homines,
664 662 801 698 votum,
822 654 944 698 timor,
966 653 1032 699 ira,
1052 651 1234 700 voluptas,

104 708 265 753 Gaudia,
286 708 488 752 discursus,
508 707 623 743 nostri
643 714 699 742 est
719 706 862 753 farrago
881 705 1006 741 libelli.

106 760 155 796 Et
175 760 324 808 quando
345 759 490 795 uberior
511 759 681 795 vitiorum
702 758 834 806 copia?
863 758 1012 806 quando

106 812 229 861 Major
249 811 410 848 avaritiae
431 812 548 860 patuit
568 812 701 847 sinus?
730 811 812 846 alea
832 810 981 858 quando

107 864 189 901 Hos
208 865 379 901 animos?
434 863 569 911 Neque
590 863 691 899 enim
711 863 842 898 loculis
863 861 1128 898 comitantibus
1149 860 1222 896 itur

108 917 170 953 Ad
195 929 324 952 casum
345 915 493 960 tabulae,
514 915 634 963 posita
655 915 720 950 sed
740 914 879 950 luditur
899 914 998 950 arca.

107 968 245 1005 Proelia
265 975 403 1016 quanta
423 967 499 1004 illic
519 968 774 1016 dispensatore
796 967 936 1002 videbis

107 1021 329 1070 Armiger-o!
361 1020 578 1068 Simplexne
601 1020 698 1056 furor
719 1019 888 1055 sestertia
908 1026 1062 1055 centum

107 1073 282 1118 Perdere,
302 1081 338 1109 et
359 1072 523 1108 horrenti
544 1072 711 1108 tunicam
732 1084 806 1107 non
828 1071 983 1107 reddere
1004 1070 1136 1106 servo?

106 1125 208 1165 Quis
227 1125 383 1162 totidem
404 1125 522 1160 erexit
542 1125 644 1160 villas
660 1125 672 1159 ‘l
701 1125 783 1171 quis
804 1124 944 1159 fercula
964 1130 1106 1170 septem

109 1179 264 1214 Secreto
283 1177 443 1212 coenavit
463 1189 552 1212 avus
566 1177 579 1212 ’ἶ
634 1176 749 1211 Nunc
770 1176 932 1224 sportula
952 1175 1071 1223 primo

108 1229 256 1266 Limine
276 1241 386 1278 parva
404 1228 521 1274 sedet,
542 1229 660 1264 turba:
681 1228 859 1276 rapienda
878 1235 1024 1276 togatae.

109 1281 178 1318 Ille
198 1289 324 1318 tamen
347 1281 480 1316 faciem
501 1279 605 1329 prius
627 1281 789 1329 inspicit,
810 1288 847 1316 et
866 1280 1039 1328 trepidat,
1060 1292 1107 1315 ne

110 1334 332 1383 Suppositus
353 1333 492 1378 venias,
513 1346 557 1369 ac
578 1333 668 1369 falso
688 1333 839 1369 nomine
860 1345 1001 1381 poscas⁸

110 1386 275 1435 Agnitus
295 1385 470 1433 accipies,
498 1385 612 1422 Jubet
631 1398 652 1421 a
671 1398 843 1433 praecone
864 1385 985 1421 vocari

110 1438 217 1487 Ipsos
236 1438 476 1486 Trojugenas
493 1451 500 1474 z
531 1450 618 1473 nam
639 1445 774 1474 vexant
793 1438 907 1473 limen
927 1445 965 1473 et
986 1437 1055 1485 ipsi

110 1490 331 1528 Nobiscum.
388 1489 448 1526 Da
466 1490 626 1539 praetori,
648 1490 696 1526 da
714 1490 851 1526 deinde
871 1490 1043 1528 tribuno!

112 1544 188 1580 Sed
208 1543 404 1580 libertinus
422 1543 520 1591 prior
540 1550 606 1578 est.
641 1542 760 1588 Prior,
782 1542 914 1589 inquit,
935 1555 1005 1590 ego
1026 1543 1169 1578 adsum.

111 1596 190 1632 Cur
209 1596 374 1640 timeam,
395 1595 608 1631 dubitemve
628 1594 754 1630 locum
775 1594 990 1639 defendere,
1011 1595 1180 1642 quamvis

111 1648 235 1685 Natus
255 1648 300 1684 ad
322 1647 552 1695 Euphraten,
574 1646 703 1682 molles
722 1647 819 1694 quod
841 1647 878 1682 iu
899 1659 987 1682 aure
1009 1647 1179 1683 fenestrae

112 1700 332 1749 Arguerint,
349 1698 439 1735 licet
458 1699 535 1748 ipse
556 1711 689 1747 negem
704 1700 717 1734 'l
774 1699 848 1735 Sed
869 1699 1033 1747 quinque
1054 1700 1220 1735 tabernae

110 1752 402 1800 Quadringenta
421 1758 561 1800 parant.
617 1751 725 1789 Quid
745 1751 890 1787 confert
908 1764 1071 1800 purpura
1091 1752 1206 1800 major

110 1805 343 1855 optandum,
363 1804 394 1839 si
415 1803 594 1840 Laurenti
614 1804 776 1839 custodit
795 1804 833 1840 in
855 1816 944 1851 agro

110 1858 330 1895 Conductas
349 1856 532 1892 Corvinus
551 1857 664 1892 oves?
720 1855 802 1904 Ego
820 1856 992 1904 possideo
1007 1856 1089 1904 plus

111 1910 281 1947 Pallante
302 1916 339 1945 et
359 1908 513 1944 Licinis.
571 1908 802 1956 Exspectent
821 1921 910 1956 ergo
929 1909 1069 1945 tribuni
1089 1922 1095 1944 :

110 1963 278 2000 Vincant
297 1961 455 1997 divitiae:
486 1973 592 1996 sacro
612 1973 683 1996 nec
704 1961 813 1996 cedat
833 1960 976 2005 honori,

111 2015 243 2063 Nuper
264 2013 301 2050 in
324 2014 421 2049 hanc
443 2013 572 2048 urbem
592 2013 752 2060 pedibus
771 2013 834 2060 qui
854 2020 1007 2049 venerat
1026 2012 1141 2057 albis;

109 2065 430 2114 Quandoquidem
451 2065 546 2101 inter
566 2077 634 2100 nos
653 2065 888 2101 sanctissima
909 2064 1134 2101 Divitiarum

111 2119 312 2167 Majestas;
342 2117 425 2163 etsi,
448 2117 594 2153 funesta
614 2117 795 2162 Pecunia,
815 2117 953 2165 templo

112 2170 294 2208 Nondum
315 2170 472 2215 habitaS,
493 2169 615 2205 nullas
635 2182 873 2205 nummorum
892 2170 1079 2206 ereximus
1100 2182 1182 2206 aras

111 2223 161 2260 Ut
182 2223 315 2260 colitur
336 2222 426 2267 Pax,
447 2229 556 2270 atque
578 2221 705 2266 Fides,
726 2221 906 2267 Victoria,
928 2222 1069 2269 Virtus,

110 2275 285 2323 Quaeque
304 2274 462 2310 salutato
481 2273 640 2322 crepitat
658 2274 872 2310 Concordia
891 2274 990 2310 nido.

165 2328 239 2363 Sed
258 2338 372 2375 quum
396 2338 564 2362 summus
585 2327 701 2362 honor
721 2325 826 2362 finito
845 2334 1035 2374 computet
1055 2339 1168 2372 anno,

113 2379 287 2429 Sportula
305 2379 394 2427 quid
414 2378 562 2424 referat,
582 2386 761 2426 qua-ntum
782 2379 988 2414 rationibus
1009 2379 1141 2424 addat;

111 2431 219 2472 Quid
240 2431 378 2468 facient
396 2430 565 2476 comites,
585 2430 720 2478 quibus
741 2430 829 2466 hinc
849 2438 947 2479 toga,
968 2431 1118 2468 calceus
1139 2431 1226 2468 hinc
1248 2438 1317 2479 est,

112 2483 162 2521 Et
180 2483 301 2534 paniS‚
322 2483 519 2531 fumusque
540 2483 668 2519 domi?
723 2481 959 2520 Densissima
979 2493 1132 2520 centum

1364 285 1416 322 ’70

1367 546 1418 581 75

1369 798 1421 842 80

1372 1593 1425 1630 95

1352 1858 1425 1895 100

1351 2119 1424 2156 105

1351 2380 1423 2417 110
