1596 2779
290 387 367 435 D.
421 386 656 437 JUNII
707 387 1181 437 JUVENALIS

629 557 845 585 AQUINATIS

490 703 982 745 SATIRARUM

533 869 670 899 LIBER
692 869 913 905 QUINTUS.

551 1153 760 1190 SATIRA
789 1153 905 1191 XIII.

133 1250 327 1288 Exn-mm
347 1252 596 1300 quodcunque
616 1252 712 1289 malo
732 1254 990 1300 committitur,
1012 1254 1081 1302 ipsi

80 1301 264 1352 Displicet
285 1303 437 1340 auctori.
494 1304 620 1340 Prima
638 1312 694 1340 est
714 1305 794 1340 haec
815 1306 916 1350 ultio,
937 1304 1037 1354 quod
1057 1319 1097 1342 se

81 1354 217 1391 Judice
237 1367 347 1392 nemo
366 1368 508 1392 nocens
524 1356 737 1401 absolvitur,
758 1357 925 1405 improba
940 1357 1108 1405 quamvis

79 1406 211 1443 Gratia
229 1407 351 1443 fallaci
371 1407 544 1443 Praetoris
557 1407 685 1444 vicerit
705 1409 810 1444 urna.

79 1458 186 1497 Quid
207 1458 345 1495 sentire
364 1466 474 1507 putas
493 1471 636 1505 omnes,
657 1459 827 1505 Calvine‚
849 1461 992 1497 recenti

81 1508 139 1546 De
158 1510 311 1556 scelere,
332 1518 369 1547 et
388 1510 474 1547 fidei
489 1511 632 1547 violatae
649 1512 832 1547 erimine?
889 1513 963 1548 Sed
984 1524 1056 1548 nec

78 1560 179 1597 Tam
199 1562 322 1598 tenuis
342 1575 477 1598 census
496 1563 562 1598 tibi
581 1563 751 1611 contigit,
772 1570 810 1599 ut
831 1563 1031 1599 mediocris

80 1612 244 1649 Jaeturae
265 1621 301 1649 te
322 1622 463 1662 mergat
482 1626 598 1657 onus;
628 1627 699 1650 nec
719 1628 800 1650 rara
820 1615 1000 1661 videmus,

79 1664 180 1703 Quae
200 1665 347 1713 pateris.
404 1666 525 1701 Casus
547 1666 671 1702 multis
691 1666 752 1702 hic
772 1667 955 1714 cognituS,
978 1679 1022 1703 ac
1037 1667 1116 1716 jam

80 1716 224 1762 Tritus‚
240 1725 278 1753 et
295 1729 315 1753 e
335 1717 458 1754 medio
478 1717 508 1752 F
511 1725 652 1753 ortunae
673 1718 807 1754 ductus
827 1730 969 1755 acervo.

80 1767 269 1804 Ponamus
289 1769 425 1805 nimios
444 1769 626 1817 gemitus:
658 1768 870 1817 flagrantior
891 1783 995 1818 aequo

81 1818 170 1856 Non
189 1820 300 1856 debet
318 1820 422 1856 dolor
442 1833 523 1856 esse
544 1821 623 1866 viri,
644 1833 715 1856 nec
735 1822 887 1858 vulnere
907 1822 1033 1870 major.

79 1870 144 1907 Tu
163 1872 329 1919 quamvis
348 1871 484 1907 levium
505 1872 698 1908 minimam
718 1873 965 1920 exiguamque
986 1873 1169 1909 malorum

81 1922 307 1958 Particulam
328 1923 388 1958 vix
408 1923 501 1958 ferre
522 1931 638 1971 potes,
659 1924 917 1971 spumantibus
940 1926 1074 1960 ardens

81 1974 311 2020 Visceribus,
331 1987 478 2010 sacrum
499 1975 563 2010 tibi
584 1973 683 2022 quod
703 1988 778 2011 non
799 1976 929 2011 reddat
948 1977 1092 2012 amicus

81 2025 313 2073 Depositum.
370 2026 503 2074 Stupet
524 2027 616 2071 haec,
633 2027 694 2073 qui
711 2026 787 2074 jam
808 2035 889 2075 post
908 2034 1013 2076 terga
1032 2027 1180 2076 reliquit

82 2077 285 2125 Sexaginta
303 2090 434 2122 annOS,
455 2076 612 2114 Fonteio
632 2077 797 2114 Consule
817 2080 952 2115 natus?

83 2129 144 2165 An
164 2129 255 2165 nihil
276 2129 315 2164 in
332 2129 464 2164 melius
483 2136 536 2165 tot
555 2141 678 2165 rerum
697 2129 846 2177 proficis
866 2131 962 2166 usu?

82 2179 224 2228 Magna
242 2181 406 2228 quidem,
427 2181 542 2216 sacris
561 2193 643 2228 quae
663 2182 725 2216 dat
744 2190 928 2230 praecepta
947 2182 1092 2228 libellis,

82 2231 227 2268 Victrix
246 2231 422 2268 Fortunae
443 2233 645 2280 Sapientia.
703 2232 888 2269 Ducimus
907 2242 1032 2269 autem

84 2284 164 2320 Hos
183 2296 327 2331 quoque
348 2283 488 2328 felices,
508 2284 570 2331 qui
592 2284 684 2320 ferre
706 2284 941 2321 incommoda
961 2286 1057 2331 vitae,

83 2334 167 2371 Nec
182 2335 322 2383 jactare
339 2335 485 2383 jugum,
502 2336 575 2372 vita
595 2334 762 2371 didicere
782 2337 970 2384 magistra.

81 2385 182 2425 Quae
202 2393 279 2422 tam
299 2387 393 2423 festa
412 2387 504 2432 dies,
525 2394 565 2422 ut
583 2394 706 2423 cesset
726 2388 881 2436 prodere
902 2389 1034 2434 furem,

83 2437 295 2484 Perfidiam,
316 2438 478 2485 fraudes,
499 2446 607 2487 atque
626 2439 728 2476 omni
748 2451 795 2475 ex
814 2439 971 2476 crimine
991 2440 1138 2476 lucrum

1342 1719 1388 1756 10

1341 1977 1389 2012 15

1339 2233 1390 2269 20
