1575 2771
273 400 350 447 Ι).
405 399 641 446 JUNII
693 395 1169 444 JUVENALIS

615 569 833 597 AQU1NATIS

475 716 970 759 SATIRARUM

568 886 705 916 LIBER
729 884 919 915 PRIMUS.

583 1172 793 1210 SATIRA
823 1171 853 1208 I„

120 1279 285 1316 SEMPER
305 1291 375 1327 ego
395 1278 540 1314 auditor
561 1276 738 1314 tantum?
767 1288 1012 1325 nunquamne
1026 1288 1220 1324 reponam,

66 1331 234 1368 Vexatus
253 1331 361 1367 toties
380 1331 483 1366 rauci
504 1330 697 1366 Theseide
718 1330 860 1366 Codri?

67 1383 228 1432 Impune
248 1381 338 1431 ergo
360 1382 450 1418 mihi
473 1383 681 1418 recitaverit
702 1382 763 1418 ille
784 1388 940 1430 togatas,

68 1435 145 1471 Hic
164 1436 316 1484 elegos?
347 1436 499 1483 impune
520 1434 618 1470 (lieni
640 1434 913 1482 consumpserit
933 1433 1067 1478 ingens

67 1488 288 1535 Telephus?
317 1494 380 1523 aut
401 1487 535 1522 summi
556 1487 667 1534 plena
684 1499 760 1534 jam
782 1486 950 1534 margine
969 1485 1053 1521 libri

69 1541 239 1588 Scriptus
258 1547 296 1575 et
316 1539 352 1575 in
374 1547 489 1586 tergo,
511 1551 582 1574 nec
602 1539 689 1574 dum
712 1539 850 1583 finitus,
872 1537 1053 1573 Orestes?

119 1591 220 1628 Nota
240 1592 359 1639 magis
380 1591 470 1626 nulli
491 1591 623 1626 domus
642 1599 697 1626 est
717 1603 796 1635 sua,
817 1589 929 1637 quam
951 1590 1042 1625 mihi
1062 1589 1169 1625 lucus

67 1642 213 1688 Martis,
233 1650 270 1679 et
291 1643 423 1679 AEoliis
444 1643 607 1678 vicinum
629 1643 782 1691 rupibus
798 1650 945 1677 antrum

67 1695 241 1731 Vulcani.
296 1694 402 1733 Quid
425 1702 537 1743 agant
558 1695 670 1739 venti,
691 1708 782 1742 quas
802 1701 971 1742 torqueat
990 1694 1142 1729 umbras

67 1747 222 1791 AEacus‚
244 1747 344 1782 unde
365 1747 459 1782 alius
480 1747 622 1782 furtiva}
643 1747 801 1783 devehat
821 1759 955 1782 aurum

66 1799 270 1842 Pelliaulae,
291 1806 447 1846 quantas
464 1799 649 1847 jaculetur
671 1799 885 1846 Monychus
903 1811 1027 1843 ornos,

66 1851 268 1888 Frontonis
287 1851 439 1900 platani,
460 1852 712 1899 convulsaque
750 1863 935 1886 marmora
955 1850 1120 1886 clamant

67 1904 236 1952 Semper,
257 1911 294 1939 et
313 1903 461 1939 assiduo
482 1912 598 1951 ruptze
620 1904 756 1939 lectore
776 1904 973 1939 columnae.

66 1956 272 2004 Exspectes
287 1956 419 1991 eadem
441 1968 461 1991 a
480 1968 626 1991 summo
647 1955 875 2002 minimoque
895 1954 1002 2002 poeta

119 2007 167 2044 Et
187 2021 254 2043 nos
273 2005 363 2055 ergo
384 2020 536 2043 manum
560 2007 685 2043 ferulae
705 2007 965 2051 subduximus,
985 2013 1024 2042 et
1044 2019 1112 2042 nos

66 2060 274 2096 Consilium
296 2059 468 2096 dedimus
490 2059 616 2104 Sullae,
637 2059 798 2107 privatus
819 2066 858 2094 ut
877 2058 993 2094 altum

67 2111 266 2148 Dormiret.
338 2112 458 2148 Stulta
477 2119 532 2147 est
551 2111 766 2157 clementia,
786 2124 899 2159 quum
921 2118 974 2147 tot
993 2110 1129 2158 ubique

67 2163 226 2200 Vatibus
245 2176 432 2209 occurras,
454 2164 626 2212 periturae
647 2176 799 2212 parcere
820 2163 970 2199 chartae.

119 2215 197 2252 Cur
217 2224 342 2252 tamen
363 2216 433 2252 hoc
452 2215 575 2264 potius
595 2216 708 2251 libeat
728 2216 926 2251 decurrere
947 2226 1093 2262 campo,

67 2267 138 2304 Per
157 2280 267 2316 quem
289 2280 448 2315 magnus
467 2281 580 2315 equos
602 2269 795 2303 Auruncae
816 2267 918 2303 flexit
938 2267 1125 2311 alumnus,

68 2320 109 2356 Si
130 2327 248 2365 vacat,
268 2328 305 2355 et
325 2320 461 2368 placidi
481 2322 662 2356 rationem
681 2319 888 2364 admittitis,
908 2320 1029 2355 edam.

66 2371 198 2410 Quum
219 2379 323 2408 tener
344 2384 495 2408 uxorem
517 2373 630 2408 ducat
650 2372 778 2420 spado,
802 2371 937 2407 Maevia
957 2371 1131 2406 Tuscum

68 2423 180 2471 Figat
200 2436 342 2472 aprum,
363 2431 400 2459 et
419 2425 521 2459 nuda
541 2432 666 2459 teneat
686 2424 869 2460 venabula
888 2423 1051 2459 mamma
1068 2434 1076 2466 ;

69 2474 250 2512 Patricios
267 2488 399 2512 omnes
418 2476 550 2523 opibus
569 2489 681 2524 quum
703 2483 878 2524 provocet
900 2488 1012 2521 unus,

386 2528 404 2563 l

1332 1746 1380 1783 10

1330 1978 1379 2043 ι5’
