1596 2779
151 181 223 217 104
569 188 574 194 ·
601 179 639 208 Α.
665 178 812 209 PERSII
838 178 1000 210 FLACCI

147 271 251 308 Tun'
272 284 373 307 mare
393 271 624 308 transsssias'!
652 271 732 316 tibi,
753 272 846 308 torta
867 270 1036 308 cannabe
1057 273 1159 318 fulto,

148 322 267 359 Coena
288 324 335 359 sit
356 323 392 358 in
413 324 603 360 transtro?
659 323 987 370 Veientanumque
1008 324 1191 360 rubellum

147 373 308 420 Exhalet
329 375 462 422 vapida
482 375 613 410 laesum
632 375 715 423 pice
736 375 859 410 fissilis
877 375 999 411 obba?

147 425 253 464 Quid
274 426 397 474 petis?
427 433 466 461 ut
486 427 643 471 nummi,
663 438 754 474 quos
774 425 836 461 hie
855 427 1068 474 quincunce
1088 428 1255 464 modesto

151 477 358 522 Nutrieras,
379 485 536 525 pergant
555 478 681 514 avidos
701 478 834 513 sudare
854 479 1046 514 deunces?
1381 480 1454 516 150

149 528 309 577 Indulge
329 529 452 577 genio,
474 541 670 577 carpamus
690 529 839 565 dulcia:
869 538 1035 566 nostrum
1056 538 1123 576 est,

147 580 263 619 Quod
286 581 374 616 vivis
391 593 398 616 :
428 580 523 616 cinis
543 591 579 618 et
598 594 726 617 manes
745 588 782 617 et
802 581 925 617 fabula
945 581 1019 618 fies.

147 632 241 668 Vive
262 645 402 668 memor
422 632 504 668 leti:
535 632 629 681 fugit
647 634 760 669 hora:
791 633 874 678 hoc,
891 634 987 681 quod
1004 633 1144 682 loquor,
1165 635 1251 670 inde
1271 641 1337 670 est.

201 683 259 719 En
280 684 366 730 quid
387 684 495 732 agis?
525 685 664 732 duplici
684 685 722 720 in
743 685 929 720 diversum
950 685 1133 722 scinderis
1156 687 1265 722 hamo
1283 699 1290 721 :

150 734 352 771 Hunccine
373 748 419 770 an
442 736 542 772 hunc
562 736 756 783 sequeris?
786 736 919 772 subeas
939 737 1102 772 alternus
1121 744 1263 786 oportet
1381 738 1455 774 155

149 787 318 835 Ancipiti
339 787 516 834 obsequio
536 787 707 824 dominos
724 801 731 831 ;
763 788 926 823 alternus
945 788 1105 824 oberres.

149 837 234 874 Nec
254 847 308 883 tu,
329 852 442 887 quum
462 839 648 875 obstiteris
668 839 794 885 semel,
818 840 1047 887 instantique
1067 840 1217 889 negaris

149 890 284 926 Parere
306 890 473 939 imperio,
495 891 596 939 Rnpi
613 891 689 939 jarn
711 892 874 936 vincula,
895 892 1010 928 dicas.

149 941 249 978 Nam
270 950 306 978 et
325 942 463 978 luctata
483 943 587 979 canis
608 944 746 979 nodum
769 944 925 991 abripit:
955 951 1116 980 attamen
1139 944 1203 990 illi,

148 993 280 1032 Quum
298 994 403 1041 fugit,
425 1007 445 1030 a
465 994 560 1030 collo
579 996 735 1031 trahitur
755 1008 839 1043 pars
860 996 969 1043 longa
988 1003 1141 1032 catenae.
1382 995 1456 1032 160

202 1045 318 1091 Dave,
339 1045 429 1090 cito,
451 1046 521 1081 hoc
541 1048 672 1082 credas
688 1047 813 1094 jubeo,
833 1048 940 1084 finire
960 1047 1105 1083 dolores

150 1096 361 1133 praeteritos
382 1098 536 1134 meditor
555 1110 561 1133 :
593 1098 767 1145 (crudum
790 1100 1062 1136 Chaerestratus
1083 1111 1247 1147 unguem

151 1149 348 1185 Abrodens
368 1150 418 1185 ait
438 1150 548 1199 haec.)
579 1163 624 1186 an
647 1151 757 1187 siccis
777 1152 940 1187 dedecus
959 1150 1102 1186 obstem

151 1200 360 1249 Cognatis?
390 1214 435 1237 an
458 1214 534 1237 rem
556 1203 711 1250 patriam
733 1216 880 1240 rumore
900 1203 1049 1238 sinistro

151 1252 283 1288 Limen
305 1254 349 1289 ad
370 1253 588 1289 obscoenum
610 1255 789 1303 frangam,
807 1256 896 1291 dum
917 1254 1111 1301 Chrysidis
1131 1255 1222 1291 udas
1387 1254 1458 1291 165

150 1304 286 1341 Ebrius
307 1313 390 1341 ante
411 1305 506 1342 fores
525 1306 815 1342 exstinctacum
836 1307 915 1342 sace
936 1307 1076 1342 canto?

151 1360 160 1376 ⁴
182 1357 303 1406 Euge,
324 1370 427 1405 puer,
449 1358 568 1405 sapias
587 1371 593 1394 :
623 1358 681 1394 dis
701 1359 971 1407 depellentibus
992 1371 1126 1406 agnam

150 1409 332 1446 percute!
390 1410 462 1445 Sed
485 1412 652 1456 censen',
671 1411 841 1458 plorabit,
862 1411 978 1455 Dave,
1000 1410 1156 1447 relicta?

151 1465 159 1480 ‘
182 1460 348 1509 Nugaris
367 1475 373 1497 :
403 1462 502 1497 solea
523 1475 613 1510 puer
632 1463 876 1511 objurgabere
898 1462 1020 1498 rubra.

151 1513 211 1548 Ne
232 1514 416 1561 trepidare
438 1514 538 1558 velis,
559 1522 668 1562 atque
689 1523 809 1551 arctos
830 1515 959 1551 rodere
980 1526 1115 1550 casses.
1405 1513 1457 1551 70

151 1564 267 1601 Nunc
288 1566 386 1601 serus
406 1573 442 1601 et
463 1566 601 1602 violens
619 1579 626 1601 z
657 1574 704 1612 at,
726 1567 754 1602 si
776 1574 894 1611 vocet,
916 1567 1014 1602 haud
1035 1578 1151 1612 mora,
1171 1566 1287 1612 dicas,

150 1617 346 1656 Quidnam
367 1617 478 1665 igitur
500 1618 660 1654 faciam?
689 1631 736 1654 ne
758 1631 873 1663 nnnc,
893 1630 1006 1666 quum
1025 1629 1210 1664 accersor,
1228 1626 1265 1654 et
1284 1617 1380 1654 ultro

152 1669 360 1716 Supplicat‚
382 1670 559 1705 accedam
575 1670 590 1705 ’ἶ
620 1671 650 1706 si
669 1678 767 1706 totus
787 1678 823 1706 et
843 1671 987 1718 integer
1007 1669 1111 1706 illinc

152 1721 320 1766 Eximas,
341 1734 388 1757 ne
409 1722 534 1757 nunc.'
592 1721 680 1767 Hic,
704 1722 777 1766 hic,
798 1734 906 1770 quem
927 1721 1142 1769 quaerimus,
1162 1721 1225 1757 hic
1245 1729 1323 1758 est:

151 1772 239 1809 Non
262 1772 298 1808 in
321 1774 476 1818 festuca,
497 1773 602 1809 lictor
622 1786 730 1821 quarn
748 1774 864 1822 jactat
884 1773 1040 1820 ineptus.
1386 1773 1459 1809 175

152 1824 221 1860 Jus
243 1825 353 1860 habet
374 1825 432 1861 ille
454 1825 510 1861 sui
530 1825 652 1874 palpo,
673 1838 782 1873 quem
802 1826 907 1861 ducit
927 1825 1092 1860 hiantem

152 1877 303 1913 Cretata
323 1877 502 1913 ambitio?
558 1877 695 1925 Vigila,
716 1886 752 1913 et
772 1878 873 1913 cicer
894 1877 1023 1925 ingere
1042 1875 1146 1925 large

152 1929 309 1965 Rixanti
331 1929 477 1978 populo,
500 1937 625 1966 nostra
645 1937 685 1965 ut
704 1929 867 1966 Floralia
885 1928 1027 1977 possint

152 1981 282 2030 Aprici
304 1981 517 2017 meminisse
537 1994 656 2017 senes.
712 1981 818 2020 Quid
838 1980 1162 2029 pulcllrius2—At
1179 1992 1293 2029 quum

153 2033 315 2069 Herodis
336 2032 471 2069 venere
491 2034 583 2078 dios,
605 2034 793 2081 uncteique
814 2033 975 2069 fenestra
1389 2032 1462 2069 180

152 2084 349 2133 Dispositae
369 2085 545 2134 pinguem
567 2085 739 2121 nebulam
761 2084 936 2121 vomuere
957 2084 1133 2129 lucernae,

153 2137 347 2173 Portantes
369 2137 492 2183 violas,
514 2137 739 2184 rubrumque
760 2136 927 2185 amplexa
947 2137 1113 2172 catinum

153 2189 289 2225 Cauda
309 2196 411 2225 natat
430 2189 574 2237 thynni,
595 2195 713 2225 tumet
733 2189 815 2225 alba
837 2189 962 2224 fidelia
983 2188 1091 2224 vino:

155 2241 275 2277 Labra
296 2253 420 2277 moves
440 2241 588 2286 tacitus,
609 2242 840 2288 recutitaque
860 2240 1013 2276 sabbata
1032 2239 1160 2288 palles.

154 2293 270 2330 Tunc
290 2292 386 2341 nigri
403 2293 574 2338 lemures,
595 2305 736 2340 ovoque
755 2292 923 2342 pericula
941 2299 1048 2340 rupto
1065 2304 1071 2327 :
1389 2289 1462 2327 185

156 2344 259 2381 Hinc
279 2346 439 2392 grandes
459 2345 571 2390 Galli,
593 2352 629 2381 et
648 2357 734 2380 cum
755 2345 862 2381 sistro
881 2344 986 2380 lusca
1005 2343 1191 2389 sacerdos,

156 2395 357 2433 Incussere
379 2397 468 2433 deos
488 2396 661 2433 inflantes
680 2409 847 2445 corpora,
868 2397 898 2432 si
918 2409 993 2432 non

157 2448 383 2485 Praedictum
404 2456 458 2485 ter
479 2461 587 2485 mane
607 2457 719 2497 caput
738 2448 945 2498 gustaveris
966 2446 1041 2485 alli.
