1596 2779
646 149 808 180 SATtRA
833 148 892 178 Vi.

127 246 312 291 Pastores,
332 252 370 282 et
388 257 494 281 ovem
515 243 762 289 Canusinam,
784 243 976 290 ulmosque
997 240 1187 276 Falernas.

125 297 365 337 Quantulum
386 297 423 333 in
443 297 543 332 hoc-12
571 308 705 344 pueros
724 307 867 339 01n1105,
887 293 1074 342 ergastula
1093 299 1182 338 tota,

125 349 314 397 Quodque
335 349 434 385 domi
454 361 528 384 non
548 355 616 392 est,
637 357 674 383 et
694 347 804 382 habet
824 346 981 390 vicinus,
1001 352 1156 380 ematur.

126 401 262 438 Mense
281 401 432 449 quidem
453 401 606 444 brumae,
622 411 694 447 quo
710 399 786 447 jam
808 405 990 433 mercator
1011 397 1122 433 Iason

126 453 300 498 Clausus,
320 460 358 488 et
378 452 528 488 armatis
546 451 668 487 obstat
688 463 776 486 casa
796 450 957 485 candida
977 448 1114 493 nautis,

125 505 295 541 Grandia
314 504 493 540 tolluntur
514 502 741 550 crystallina,
763 501 925 537 maxima
944 513 1070 537 rursus

126 556 338 601 Murrhina,
359 555 495 591 deinde
518 555 669 590 adamas
689 554 917 598 notissimus,
937 559 974 588 et
995 552 1197 589 Beronices

126 608 171 644 In
192 607 309 656 digito
329 608 452 643 factus
471 606 665 655 pretiosior
683 618 689 642 ε
721 607 823 642 hunc
843 605 945 640 dedit
963 604 1053 640 olim

126 660 313 697 Barbarus
332 659 499 704 incestae,
519 659 623 694 dedit
643 659 744 694 hunc
766 658 936 705 Agrippa
954 656 1082 702 sorori,

125 712 338 748 Observant
358 710 422 746 ubi
444 711 536 746 festa
555 722 657 746 mero
676 710 771 758 pede
792 710 945 745 sabbata
964 721 1085 757 reges,

126 763 176 801 Et
195 770 299 799 vetus
319 762 489 810 indulget
508 762 660 798 senibus
680 761 880 798 clementia
900 761 1031 808 porcis.

179 815 345 851 Nullane
365 815 411 850 de
431 814 543 850 tantis
563 813 740 862 gregibus
760 813 827 849 tibi
848 813 963 861 digna
984 812 1156 848 videtur?

127 866 186 902 Sit
207 867 378 911 formosa,
400 866 552 911 decens,
573 866 688 910 dives,
711 866 900 909 soeeunda,
922 871 1083 911 vetustos

128 917 341 955 Porticibus
360 918 532 965 disponat
552 930 649 962 avos,
671 917 843 952 intactior
863 916 965 952 omni

126 969 306 1007 Crinibus
325 969 453 1005 effusis
475 969 613 1005 bellum
633 969 831 1004 dirimente
853 968 1016 1004 Sabina:

129 1021 254 1071 (Rara
273 1021 350 1058 avis
370 1021 408 1057 in
428 1021 535 1057 terris
555 1022 734 1069 nigroque
755 1020 944 1056 simillima
963 1020 1101 1070 cycno)

126 1074 227 1113 Quis
248 1073 339 1109 feret
359 1085 525 1118 uxorem,
546 1073 607 1108 cui
628 1080 802 1109 constant
821 1072 974 1108 omnia?
1006 1071 1122 1117 Malo,

128 1125 232 1162 Malo
253 1125 500 1171 Venusinam,
516 1123 629 1172 quam
649 1132 697 1169 te,
719 1124 909 1170 Cornelia,
930 1131 1047 1159 mater

127 1178 399 1222 Gracchorum,
421 1176 451 1212 si
472 1189 558 1212 cum
579 1176 726 1224 magnis
747 1176 944 1212 virtutibus
964 1175 1073 1211 affers

127 1229 280 1266 Grande
300 1228 557 1277 supercilium,
577 1235 614 1264 et
635 1241 811 1264 numeras
832 1227 869 1264 in
890 1228 975 1263 dote
996 1227 1215 1274 triumphos.

128 1280 240 1317 Tolle
260 1287 380 1326 tuum,
400 1293 543 1329 precor,
565 1279 834 1325 Hannibalem,
856 1279 1070 1327 victumque
1092 1279 1305 1327 Syphacem

128 1331 174 1369 In
196 1332 341 1379 castris,
361 1339 399 1368 et
418 1344 505 1367 cum
524 1332 602 1368 tota
621 1331 853 1380 Carthagine
874 1331 1002 1379 migra.

181 1384 312 1430 Parce,
332 1397 475 1432 precor,
496 1384 622 1427 Paean,
644 1391 681 1421 et
699 1391 752 1427 tu,
774 1383 869 1429 Dea,
889 1396 985 1432 pone
1005 1382 1185 1432 sagittas;

129 1435 196 1472 Nil
216 1436 321 1484 pueri
343 1434 497 1480 faciunt,
518 1433 636 1482 ipsam
657 1433 833 1482 configite
854 1436 1032 1471 matrem!

130 1487 320 1536 Amphion
342 1486 499 1522 clamat:
530 1486 595 1522 sed
616 1485 729 1521 Paean
751 1486 938 1522 contrahit
959 1497 1099 1521 arcum.

129 1539 275 1576 Extulit
293 1537 384 1587 ergo
404 1551 539 1586 greges
554 1545 739 1582 natorum,
758 1537 952 1585 ipsumque
972 1545 1178 1585 parentem,

130 1591 232 1628 Dum
252 1590 322 1627 sibi
343 1590 500 1626 nobilio-s
521 1589 675 1625 Latonae
694 1598 805 1637 gente
826 1589 983 1634 videtur,

130 1644 257 1692 Atque
277 1642 408 1678 eadem
429 1641 550 1678 scrofa
571 1641 694 1677 Niobe
715 1641 924 1677 foecundior
946 1641 1041 1677 alba.

129 1695 231 1734 Quae
250 1694 344 1731 tanti
364 1693 540 1742 gravitas,
560 1705 643 1741 quae
664 1693 794 1738 forma,
816 1700 855 1729 ut
875 1706 913 1729 se
933 1693 999 1729 tibi
1020 1705 1166 1741 semper

131 1746 328 1795 Imputet?
370 1745 495 1793 Hujus
514 1745 615 1781 enim
636 1745 709 1780 rari
729 1746 941 1793 summique
958 1745 1127 1793 voluptas

130 1798 248 1835 Nulla
268 1797 367 1843 boni,
387 1797 531 1845 quoties
551 1797 675 1833 animo
696 1805 870 1846 corrupta
890 1797 1049 1846 superbo

130 1850 220 1887 Plus
240 1850 355 1896 aloes,
376 1848 489 1898 quam
511 1849 643 1894 mellis,
666 1849 786 1885 habet.
842 1849 943 1888 Quis
963 1849 1112 1885 deditus
1133 1857 1258 1885 autem

130 1902 257 1950 Usque
278 1900 372 1938 adeo
392 1909 461 1946 est,
482 1908 523 1936 ut
543 1913 618 1937 non
640 1901 752 1946 illam,
773 1913 884 1948 quam
905 1901 1079 1936 laudibus
1099 1901 1218 1945 effert,

132 1954 306 1998 Horreat‚
328 1953 439 2001 inque
459 1952 519 1988 die
540 1952 702 2001 septenis
721 1953 840 1988 oderit
861 1953 986 1988 horis?
1262 1981 1266 1985 .

182 2006 374 2045 Quaedam
393 2017 506 2052 parva
524 2004 689 2052 quidem,
710 2005 774 2040 sed
796 2017 870 2041 non
891 2005 1084 2040 toleranda
1103 2004 1258 2041 maritis.

132 2057 233 2095 Nam
252 2057 341 2106 quid
362 2056 566 2102 rancidius,
586 2055 698 2104 quam
718 2055 819 2104 quod
840 2069 879 2092 se
900 2070 973 2093 non
994 2063 1100 2104 putat
1120 2056 1197 2092 ulla

133 2109 364 2154 Formosam,
385 2108 457 2144 nisi
477 2120 559 2155 quae
580 2109 625 2143 de
646 2108 778 2144 Tusca
798 2109 975 2145 Graecula
995 2109 1092 2144 facta
1113 2109 1196 2144 est?

133 2161 192 2199 De
213 2160 454 2197 Sulmonensi
474 2172 577 2195 mera
596 2160 775 2208 Cecropis
791 2161 805 2196 C!
860 2160 1001 2196 Omnia
1019 2158 1170 2206 Graeee,

131 2213 268 2253 Quum
287 2212 334 2248 sit
352 2219 459 2260 turpe
480 2210 601 2259 magis
621 2212 755 2247 nostris
776 2212 921 2248 nescire
942 2210 1089 2248 Latine.

134 2265 220 2302 Hoc
240 2276 413 2300 sermone
434 2271 582 2312 pavent,
605 2264 675 2299 hoc
697 2263 805 2309 iram,
826 2264 979 2312 gaudia,
1001 2276 1126 2309 curas,

134 2316 221 2353 Hoc
241 2323 378 2352 cuncta
397 2315 595 2351 effundunt
615 2315 729 2351 animi
750 2323 914 2352 secreta:
944 2316 1031 2364 quid
1050 2315 1148 2352 ultra
1158 2317 1227 2352 ‘l—

188 2367 229 2404 Si
249 2367 316 2404 tibi
336 2366 512 2416 legitimis
532 2375 678 2415 pactam
693 2367 937 2416 junctamque
958 2367 1103 2404 tabellis

135 2419 224 2458 Non
243 2432 283 2455 es
303 2426 506 2464 amaturus,
527 2419 692 2455 ducendi
714 2419 817 2456 nulla
836 2420 981 2456 videtur

137 2471 263 2508 Causa
275 2484 283 2516 ;
313 2483 385 2508 nec
404 2478 473 2517 est,
492 2469 607 2519 quare
627 2483 774 2507 coenam
794 2479 831 2508 et
850 2479 1042 2508 mustacea
1061 2472 1208 2521 perdaS,

1366 604 1438 639 1⁴20

1368 1122 1440 1158 130

1368 1382 1441 1418 135

1370 1641 1443 1677 140

1369 1901 1442 1936 145

1371 2160 1444 2197 15⁰
