1596 2779
153 163 204 203 73
575 165 614 194 D.
639 165 765 195 JUNn
791 164 1045 195 JUVENAJAS

153 258 250 295 Sunt
268 258 438 306 quaxdam
461 258 629 294 vitiorum
651 258 835 294 elementa
853 271 860 293 t
892 258 947 294 bis
966 266 1143 306 protenus
1163 257 1244 294 illos

152 307 304 355 Imbuit,
325 318 361 345 et
381 310 481 358 cogit
501 311 672 346 minimas
693 311 860 346 ediscere
881 310 1018 345 sordes.

153 360 242 397 Mox
263 361 479 408 acquirendi
502 362 610 398 docet
632 361 838 397 insatiabile
860 371 996 397 votum.

153 413 351 449 Servorum
373 421 518 449 ventres
538 413 661 449 modio
681 413 837 461 castigat
855 413 994 460 iniquo,

1390 360 1463 397 125

152 464 236 513 Ipse
256 477 401 513 quoque
423 465 613 500 esuriens:
643 477 764 511 neque
784 465 884 500 enim
905 465 1032 501 omnia
1051 464 1209 501 sustinet
1227 476 1393 512 unquam

153 516 308 552 Mucida
329 516 479 552 caerulei
501 517 608 564 panis
627 528 848 552 consumere
870 516 997 562 frusta,

153 568 384 604 Hesternum
405 568 534 604 solitus
554 568 679 604 medio
699 581 843 604 servare
864 568 1019 604 minutal

153 620 383 668 Septembri:
414 633 484 656 nec
505 633 578 656 non
599 619 749 655 differre
771 621 805 656 in
827 627 994 668 tempora
1013 633 1131 656 coenae

152 671 318 708 Alterius
339 673 521 708 conchem
540 672 701 708 aestivam
723 684 808 707 cum
829 680 932 720 parte
953 672 1082 708 lacerti

153 723 360 771 Signatam,
384 724 438 759 vel
459 724 613 760 dimidio
633 723 804 772 putrique
824 724 950 769 siluro,

153 775 308 822 Filaque
329 775 458 811 sectivi
480 784 675 811 numerata
694 775 888 811 includere
909 776 1017 824 porri.

152 826 336 863 Invitatus
356 828 401 862 ad
423 828 503 863 11100
524 827 654 875 aliquis
675 828 720 863 de
742 835 852 875 ponte
873 827 1035 875 negabit.

153 880 226 915 Sed
247 877 320 926 quo
342 879 488 915 divitias
509 880 590 914 liaec
609 892 672 927 per
693 886 878 915 tormenta
898 887 1059 925 coactas,

150 930 282 969 Quum
306 931 402 966 furor
423 932 520 966 baud
542 932 690 976 dubius
713 943 826 978 quum
847 931 892 966 sit
913 931 1109 967 manifesta
1128 930 1334 979 phrenesis,

152 982 199 1018 Ut
221 982 385 1030 locuples
402 984 582 1028 moriaris,
603 983 748 1031 egentis
770 984 890 1019 vivore
912 983 1014 1019 fato?

152 1034 301 1070 Interea
321 1035 429 1082 pleno
448 1047 562 1081 quum
583 1043 707 1083 turget
724 1034 899 1070 sacculus
917 1048 994 1079 ore,

152 1086 301 1121 Crescit
321 1098 422 1121 amor
443 1087 600 1131 nummi,
621 1085 802 1134 quantum
825 1087 902 1134 ipsa
923 1086 1086 1134 pecunia
1106 1086 1243 1130 crevit3

152 1138 200 1174 Et
221 1137 344 1174 minus
366 1138 463 1173 banc
483 1146 597 1186 optat,
617 1139 679 1186 qui
702 1151 777 1174 non
798 1138 920 1174 habet.
978 1136 1080 1186 Ergo
1101 1145 1253 1187 paratur

152 1190 284 1226 Altera
303 1189 388 1226 villa
407 1190 487 1235 tibi,
508 1203 622 1237 quum
644 1203 706 1226 rus
726 1203 800 1226 non
821 1190 957 1226 sufficit
977 1202 1108 1235 unum,

152 1242 200 1278 Et
219 1243 381 1291 proferre
402 1242 490 1278 libet
510 1243 603 1278 fines
620 1256 627 1286 3
658 1242 847 1291 majorque
867 1242 1011 1278 videtur

152 1294 200 1330 Et
220 1295 349 1330 melior
371 1294 492 1330 vicina
511 1307 618 1343 seges
636 1307 643 1330 ι
675 1294 852 1331 mercaris
871 1302 907 1329 et
930 1294 1040 1339 1111110,
1061 1301 1098 1330 01

152 1347 330 1392 mbas-ta,
352 1354 388 1382 et
408 1347 524 1382 densa
545 1355 709 1383 montem
729 1347 791 1394 qui
813 1354 922 1382 canet
937 1346 1044 1382 oliva.

149 1399 324 1437 Quorum
346 1399 375 1434 si
396 1399 513 1447 pretio
533 1399 706 1435 dominus
727 1411 802 1435 non
823 1398 983 1434 vincitur
1004 1398 1092 1443 ullo,

151 1450 274 1487 Nocte
296 1452 405 1487 boves
426 1451 554 1496 macri,
571 1451 741 1498 lassoque
762 1450 932 1486 famelica
952 1450 1048 1487 collo

151 1503 330 1539 Jumenta
350 1503 395 1539 ad
418 1503 554 1538 virides
575 1503 684 1551 liujus
704 1503 897 1538 mittentur
918 1503 1068 1546 aristas3

151 1555 235 1591 Nec
255 1554 356 1604 prius
378 1555 463 1590 inde
484 1555 650 1600 domum,
671 1555 782 1603 quarn
803 1562 877 1591 tota
898 1554 1045 1590 novalia
1063 1566 1179 1591 saevos

152 1607 196 1643 In
219 1617 362 1644 ventres
383 1607 530 1652 abeant,
553 1615 592 1642 ut
612 1608 742 1643 credas
764 1606 920 1642 falcibus
941 1614 1077 1642 actum.

150 1659 288 1696 Dicere
309 1660 366 1695 vix
386 1659 516 1707 possm,
537 1658 648 1707 quam
672 1659 776 1694 multi
797 1659 883 1695 talia
903 1659 1061 1707 plorent,

151 1712 199 1748 Et
218 1720 307 1759 quot
328 1711 477 1747 venales
500 1712 634 1759 injuria
655 1711 784 1747 fecerit
804 1724 922 1760 agros.

152 1764 226 1799 Sed
247 1764 308 1811 qni
332 1765 548 1799 sermones?
577 1762 688 1811 quam
712 1763 816 1799 foedae
841 1763 1002 1798 buccina
1023 1762 1157 1798 samae?

152 1817 257 1855 Quid
281 1824 391 1851 nocet
413 1816 512 1851 11001
544 1816 674 1863 inquit.
732 1815 924 1850 Tunicam
947 1815 1038 1850 mihi
1059 1813 1156 1851 malo
1175 1813 1308 1862 lupini,

150 1867 281 1907 Quam
304 1869 333 1903 si
357 1881 416 1903 me
437 1875 514 1904 toto
534 1868 661 1903 laudet
681 1867 818 1903 vicinia
833 1880 941 1914 pago,

152 1920 287 1968 Exigui
310 1920 406 1956 ruris
425 1920 651 1968 paucissima
672 1919 767 1954 farra
786 1927 990 1955 secantem.

153 1973 308 2008 Scilicet
328 1979 364 2008 et
386 1972 522 2008 morbis
542 1979 578 2007 et
599 1971 790 2007 debilitate
812 1971 970 2016 carebis,

153 2025 201 2061 Et
221 2025 362 2060 luctum
383 2032 419 2060 01
440 2037 566 2059 euram
589 2023 758 2071 effugies,
773 2031 810 2059 et
829 2032 994 2071 tempora
1016 2023 1098 2058 vitae

153 2077 284 2125 Longa
303 2076 367 2112 tibi
389 2083 470 2124 post
492 2076 572 2111 liaee
594 2075 666 2111 sato
687 2075 838 2110 meliore
858 2075 1060 2120 dabuntur,

154 2129 193 2164 Si
215 2136 358 2165 tantum
379 2127 469 2164 culti
490 2127 590 2164 solus
609 2127 818 2175 possederis
839 2127 932 2175 agri,

151 2181 350 2220 Quantum
373 2179 441 2215 sub
462 2179 746 2228 Tatiopopulus
768 2179 964 2215 Romanus
984 2178 1123 2214 arabat.

154 2232 244 2268 Mox
265 2233 377 2268 etiam
400 2232 523 2268 fractis
544 2240 651 2267 aetate
672 2245 715 2267 ac
738 2231 881 2267 Punica
900 2230 1017 2279 passis

154 2285 301 2330 Proelia,
324 2284 377 2320 vel
400 2284 580 2332 Pyrrhum
602 2283 818 2327 immanem,
839 2283 1054 2331 gladiosque
1076 2281 1274 2329 Molossos,

154 2337 328 2372 Tandem
351 2350 415 2385 pro
436 2335 563 2372 multis
583 2335 641 2370 vix
658 2335 789 2384 jugera
811 2335 896 2371 bina
916 2335 1102 2370 dabantur

154 2389 395 2425 Vulneribus.
453 2387 602 2424 Merces
621 2400 665 2423 ea
685 2387 880 2436 sanguinis
900 2394 1009 2434 atque
1030 2386 1166 2423 laboris

155 2440 279 2477 Nullis
296 2441 370 2476 visa
391 2452 553 2488 unquam
574 2440 714 2475 meritis
735 2439 867 2484 minor,
889 2445 952 2475 aut
973 2439 1127 2486 ingratae

156 2493 272 2529 Curta
292 2492 383 2528 fides
402 2493 541 2541 patriae.
599 2492 798 2528 Suturabat
817 2491 967 2540 glebula
985 2491 1069 2527 talis

1391 619 1465 656 130

1392 878 1466 915 135

1392 1137 1466 1173 140

1396 1397 1466 1434 145

1394 1657 1468 1694 150

1443 1918 1462 1936 ,ι

1393 2178 1466 2214 160
