1596 2779
607 135 770 169 SATIRA
796 138 858 168 111.

78 234 199 283 Nigra
217 231 316 282 qued
338 233 460 269 infusa
482 241 655 269 vanescat
674 232 776 280 sepia
795 231 972 279 lympha;

79 286 225 323 Dilutas
245 285 410 333 queritur
431 285 598 332 geminet
617 282 717 332 qued
738 284 862 320 fistula
880 290 1014 332 guttas.

130 337 167 374 Ο
187 339 310 383 miser,
332 337 442 384 inque
463 337 542 372 dies
562 335 658 372 ultra
678 336 810 372 miser!
843 335 1004 372 huccine
1024 347 1146 371 rerum

80 390 263 427 Venimus
277 391 292 418 s!
323 397 359 424 at
379 401 444 424 cur
465 401 538 423 non
559 387 696 436 potius,
717 395 917 444 tenereque
937 387 1113 436 palumbo

80 443 128 479 Et
148 442 279 478 similis
299 453 428 488 regum
448 440 585 488 pueris,
607 452 768 488 pappare
789 439 974 475 minutum

80 494 219 539 Poscis,
239 501 275 529 et
295 494 408 529 iratus
428 504 597 527 mammae
617 492 742 527 lallare
762 493 940 527 recusas?

132 550 140 565 ‘
157 524 219 581 Ari
240 545 302 581 tali
322 544 491 580 studeam
512 543 656 580 calamo
671 545 696 580 ‘l’
729 543 802 579 Cui
824 544 960 579 verba?
988 543 1075 591 quid
1098 543 1187 579 istas

80 597 255 634 Succinis
271 596 474 644 ambages?
504 595 570 630 tibi
591 596 729 632 luditur
748 608 754 630 z
784 593 903 632 effluis
923 608 1064 631 amens.

79 648 342 691 Contemnere,
363 655 469 684 sonat
489 646 618 682 vitium
636 660 825 696 percussa,
842 646 1006 697 maligne

81 701 302 750 Respondet
323 700 429 736 viridi
449 712 522 736 non
544 707 650 735 cocta
670 699 794 735 fidelia
815 700 913 737 limo.

81 752 205 790 Udum
224 760 261 789 et
281 752 388 789 molle
408 752 527 788 lutum
549 763 601 795 eS‚
623 765 724 788 nunc
745 764 846 788 nunc
866 752 1135 801 properandus,
1155 760 1191 790 et
1212 753 1287 789 acri

85 805 303 854 Fingendus
323 805 403 840 sine
423 804 496 839 fine
517 804 606 839 rota.
664 805 738 840 Sed
759 816 844 840 rure
864 811 1019 852 paterno

80 857 148 893 Est
167 858 232 893 tibi
254 857 306 892 far
326 856 527 901 modicum,
548 867 680 903 purum
701 864 737 891 et
756 857 837 892 sine
853 857 935 892 labe
955 856 1128 902 salinum,

83 909 207 959 (Quid
228 916 371 944 metuas
386 908 418 957 l)
449 907 661 954 cultrixque
682 908 752 943 soci
773 917 905 944 secura
924 908 1071 956 patella.

81 961 166 997 Hoc
186 958 304 996 satis?
335 971 380 995 an
401 960 533 995 deceat
551 959 765 1006 pulmonem
787 972 958 1008 rumpere
978 961 1108 1006 ventis,

82 1014 287 1049 Stemmate
306 1010 405 1059 quiid
427 1011 557 1047 Tusco
578 1023 720 1046 ramum
742 1011 936 1047 millesime
957 1013 1077 1058 ducis,

82 1066 342 1101 Censorelnne
363 1071 467 1099 tuum
489 1064 544 1099 vel
566 1061 665 1110 qued
686 1064 851 1099 trabeate
872 1064 1041 1100 salutas?

82 1118 143 1153 Ad
164 1117 338 1166 populum
361 1115 533 1163 phaleras
551 1127 557 1149 2
589 1127 658 1162 ego
678 1123 713 1151 te
734 1116 832 1151 intus
852 1124 888 1152 et
910 1117 946 1151 in
967 1124 1053 1153 cute
1074 1117 1171 1154 novi.

81 1167 168 1205 Non
189 1169 304 1216 pudet
325 1168 370 1202 ad
391 1179 530 1202 rnorem
553 1167 726 1203 discincti
749 1168 868 1203 vivere
889 1168 1043 1205 Nattae‘?

81 1220 157 1256 Sed
177 1227 298 1268 stupet
318 1219 378 1255 hic
399 1219 496 1263 vitio,
517 1226 554 1255 et
574 1218 674 1254 fibris
695 1220 850 1256 increvit
869 1221 1033 1267 opimum

82 1272 248 1321 Pingue:
278 1279 380 1308 caret
399 1271 535 1318 culpa:
564 1271 697 1315 nescit,
717 1272 805 1319 quid
825 1273 976 1329 perdat:
1005 1279 1054 1319 et,
1075 1273 1148 1310 alto

80 1324 296 1368 Demersus,
318 1334 465 1359 summa
485 1335 558 1359 nou
579 1335 707 1358 rursus
728 1324 860 1360 bullit
852 1337 889 1360 ln
911 1325 1023 1360 unda

133 1375 273 1424 Magne
292 1382 394 1424 pater
415 1375 554 1420 divum,
573 1387 687 1411 saevos
707 1376 839 1423 punire
859 1383 1034 1423 tyrannos

81 1427 194 1464 Haud
200 1408 286 1464 Ualia
307 1428 447 1464 ratione
469 1427 570 1472 velis,
591 1439 705 1474 quum
726 1428 805 1463 dira
824 1428 939 1465 libido

80 1479 239 1516 Moverit
259 1480 465 1527 ingenium,
487 1479 640 1515 ferventi
661 1480 776 1515 tincta
797 1493 952 1526 veneno,

81 1532 266 1568 Virtutem
287 1532 450 1576 videant,
472 1531 778 1579 intabescantque
798 1533 935 1569 relicta.

80 1584 193 1620 Anne
214 1582 332 1632 magis
354 1583 471 1619 Siculi
492 1591 717 1631 gemuerunt
737 1595 810 1619 aera
826 1584 996 1632 juvenci,r

80 1637 159 1671 Aut
179 1634 296 1684 magis
317 1635 453 1671 auratis
474 1636 641 1683 pendens
660 1635 895 1682 laquearibus
915 1638 1016 1673 ensis

80 1687 290 1736 Purpureas
310 1687 435 1723 subter
454 1687 619 1723 cervices
639 1688 780 1731 terruit,
803 1689 909 1734 imus,

79 1739 179 1776 Imus
191 1740 423 1787 proecipites‚
443 1738 554 1787 quarn
575 1739 604 1774 si
625 1739 694 1775 sibi
715 1740 827 1785 dicat,
848 1749 884 1776 et
900 1741 999 1777 intus

79 1791 220 1828 Palleat
240 1791 381 1836 infelix,
401 1792 500 1840 quod
523 1792 689 1839 proxima
710 1793 852 1828 nesciat
873 1794 989 1829 uxor?
1006 1818 1013 1823 -

131 1844 239 1891 Saepe
257 1843 398 1888 oculos,
420 1843 587 1888 memini,
607 1843 807 1891 tangebam
825 1857 958 1892 parvus
976 1845 1084 1892 olivo,

78 1895 245 1931 Grandia
264 1895 294 1931 si
314 1895 448 1932 nollem
468 1896 632 1931 morituri
653 1895 762 1931 verba
782 1896 937 1932 Catonis

79 1946 229 1992 Dicere,
249 1959 323 1982 non
346 1959 436 1983 sano
455 1945 612 1982 multum
633 1947 820 1983 laudanda
841 1949 1028 1997 magistro,

76 1998 176 2038 Quae
196 2006 299 2046 pater
319 1999 489 2034 adductis
510 1999 647 2035 sudans
667 1999 811 2036 audiret
833 2001 975 2036 amicis.

77 2050 190 2087 Jure:
220 2050 359 2086 etenim
377 2051 414 2087 id
434 2063 635 2096 summum,
655 2051 742 2099 quid
763 2052 891 2088 dexter
911 2053 1016 2090 senio
1037 2053 1147 2091 ferret

78 2102 185 2139 Scire
204 2110 283 2140 erat
303 2103 340 2139 in
360 2111 464 2140 voto:
494 2103 674 2139 damnosa
693 2104 866 2140 canicula
884 2105 1066 2152 quantum

78 2154 267 2191 Raderet:
296 2163 463 2203 angustae
483 2155 578 2192 collo
597 2168 671 2192 non
694 2156 810 2192 fallier
830 2169 951 2192 orcae:

78 2205 164 2242 Neu
185 2207 267 2254 quis
287 2206 453 2244 callidior
469 2207 607 2254 buxum
628 2215 797 2255 torquere
818 2208 973 2256 flagello.

130 2257 246 2294 Haud
266 2259 331 2295 tibi
351 2259 585 2307 inexpertum
605 2272 736 2296 curvos
757 2260 988 2308 deprendere
1008 2274 1142 2309 moreS‚

75 2312 249 2359 Quaeque
269 2311 379 2347 docet
397 2310 544 2359 sapiens
565 2312 746 2348 braccatis
766 2313 854 2349 illita
874 2312 998 2350 Medis

77 2362 260 2408 Porticus,
282 2363 461 2400 insomnis
480 2364 613 2411 quibus
633 2372 669 2400 et
688 2365 843 2400 detonsa
858 2365 1032 2413 juventus

78 2413 264 2462 Invigilat,
285 2414 426 2463 siliquis
445 2422 481 2451 et
499 2417 630 2463 grandi
651 2423 755 2464 pasta
774 2417 933 2465 polenta.

78 2465 123 2502 Et
145 2466 223 2512 tibi,
244 2478 326 2514 quae
348 2467 493 2503 Samios
512 2468 657 2504 diduxit
676 2468 796 2505 littera
817 2482 948 2515 ramos,

1150 2084 1160 2101 1

1336 339 1382 374 15

1331 597 1382 633 20

1331 1118 1382 1154 30

1331 1378 1382 1414 35

1331 1640 1381 1677 40

1331 1900 1381 1936 45

1329 2161 1380 2198 50
