1596 2779
601 134 763 165 SATIRA
788 133 886 164 XIII.

90 227 266 265 Culmine
287 227 445 271 delubri,
464 234 641 275 tanquam
662 228 698 263 in
720 239 821 263 mare
842 225 987 262 fluxerit
1002 226 1122 262 amnis

88 280 309 328 Gurgitibus
330 280 444 323 miris,
466 286 501 314 ct
521 279 626 315 lactis
646 279 784 314 vortice
803 285 957 314 torrens.

145 332 353 378 Intercepta
372 331 503 366 decem
523 329 687 377 quereris
707 330 873 365 sestertia
894 329 1021 364 fraude

90 382 284 430 Sacrilega
298 383 311 417 ’ἕ
339 382 445 420 Quid
466 381 494 416 si
517 381 572 416 bis
591 388 743 416 centum
765 380 925 428 perdidit
945 380 1036 416 alter

90 434 176 470 Hoc
193 446 330 470 arcana
350 433 486 469 modo?
515 432 691 479 majorem
712 431 842 467 tertius
862 431 925 467 illa

91 486 298 529 Summam,
319 497 426 532 quam
450 483 584 531 patula:
605 484 663 518 vix
682 490 832 530 ceperat
852 482 1011 530 angulus
1031 483 1154 519 arcae'?

89 536 186 573 Tam
208 536 315 584 facile
335 542 372 571 et
390 546 548 583 pronum
568 543 624 570 est
644 547 795 582 superos
815 542 1058 570 contemnere
1078 541 1204 579 testes,

90 588 129 623 Si
151 587 314 624 mortalis
334 587 432 623 idem
452 598 563 622 nemo
575 586 688 621 sciat!
746 586 925 633 Adspice,
945 586 1084 632 quanta
1138 595 1149 600 “

91 639 193 675 Voce
213 639 350 687 neget?
378 650 459 686 quae
479 638 526 674 sit
546 637 620 673 ficti
641 637 849 673 constantia
870 637 1016 673 vultus?

89 689 159 726 Per
178 690 264 726 solis
286 690 418 735 radios,
435 688 671 737 Tarpeiaque
694 688 850 724 fulmina
865 687 976 736 jurat,

89 741 138 778 Et
156 741 286 777 Martis
306 741 495 786 frameam,
515 748 552 776 et
572 741 729 776 Cirrhaei
749 740 892 787 spicula
912 740 1017 785 vatis,

89 792 160 829 Per
179 793 341 829 calamos
360 792 556 828 venatricis
575 792 857 839 pharetramque
877 791 1029 836 Puellae,

90 844 233 892 Perque
253 852 371 888 tuum,
391 851 493 892 pater
514 843 637 891 AEgaei
657 842 849 890 Neptune,
870 843 1092 887 tridentem3

90 896 207 932 Addit
225 903 262 931 et
281 895 489 931 Herculeos
509 907 630 939 arcus,
651 895 867 941 hastamque
889 893 1081 940 Minervae,

87 947 284 994 Quidquid
306 946 444 982 habent
464 946 622 982 telorum
642 945 928 982 armamentaria
947 945 1043 981 coeli.

89 999 131 1034 Si
151 997 237 1034 vero
258 1004 289 1034 (ί
314 1005 417 1045 pater
435 1005 514 1033 est:
544 997 764 1042 Comedam,
786 997 917 1044 inquit,
939 996 1061 1034 flebile
1081 996 1159 1034 nati

91 1049 265 1098 Sinciput
283 1048 384 1094 elixi,
408 1048 612 1106 Pharioque
634 1027 818 1084 madentis
838 1056 953 1085 aceto.

142 1102 251 1146 Sunt,
272 1101 309 1137 in
333 1101 507 1137 Fortunm
527 1101 589 1148 qui
609 1100 758 1136 casibus
777 1100 902 1136 omnia
921 1107 1073 1148 ponant,

91 1151 140 1188 Et
160 1153 260 1189 nullo
281 1153 436 1188 credant
458 1153 638 1188 tinnulum
659 1160 801 1188 rectore
822 1151 975 1197 moveri,

88 1203 236 1241 Natura
256 1203 422 1240 volvente
443 1204 541 1239 vices
559 1211 596 1239 et
616 1203 723 1249 lucis,
743 1211 779 1239 et
799 1203 909 1246 anni;

89 1256 213 1303 Atque
235 1256 318 1292 ideo
338 1255 511 1303 intrepidi
531 1267 764 1304 quaecunque
785 1255 913 1291 altaria
934 1262 1104 1303 tangunt.

90 1307 160 1344 Est
179 1308 286 1351 alius,
307 1314 477 1343 metuens
497 1319 544 1342 ne
565 1307 706 1342 crimen
727 1319 838 1354 poena
857 1315 1053 1354 sequatur:

88 1359 165 1396 Hic
184 1366 288 1408 putat
307 1372 387 1395 esse
408 1359 510 1404 deos,
531 1365 568 1394 et
587 1358 739 1406 pejerat,
760 1365 868 1406 atque
888 1358 939 1395 ita
957 1370 1105 1395 secum:

88 1410 289 1456 Decernat‚
309 1411 557 1458 quodcunque
579 1410 686 1455 volet,
706 1410 752 1446 de
772 1422 926 1458 corpore
946 1418 1071 1447 nostro

88 1461 171 1507 Isis,
191 1470 228 1498 et
247 1462 338 1499 irato
358 1462 463 1498 feriat
481 1474 565 1497 mea
583 1461 723 1497 lumina
743 1462 862 1506 sistro,

88 1513 301 1550 Dummodo
320 1513 374 1549 vel
395 1525 520 1549 caecus
539 1520 700 1558 teneam,
720 1526 811 1560 quos
830 1514 988 1561 abnego,
1009 1525 1193 1551 nummos.

88 1564 137 1602 Et
155 1566 325 1613 phthisis,
346 1572 383 1602 et
402 1565 554 1601 vomicae
575 1572 712 1612 putres,
733 1571 770 1600 et
789 1565 985 1601 dimidium
1006 1578 1092 1601 crus

89 1617 187 1653 Sunt
207 1617 325 1653 tanti?
381 1616 526 1664 Pauper
546 1616 770 1665 locupletem
782 1624 908 1664 optare
928 1617 1131 1665 podagram

89 1667 150 1704 Ne
170 1669 314 1705 dubitet
334 1667 468 1713 Ladas,
489 1668 519 1703 si
540 1680 614 1704 non
635 1675 720 1716 eget
740 1668 935 1716 Anticyra,
956 1681 1027 1704 nec

89 1720 315 1768 Archigene.
371 1719 478 1757 Quid
499 1719 598 1755 enim
619 1719 754 1755 velocis
773 1720 891 1768 gloria
909 1720 1046 1768 plantae

88 1770 255 1817 Praestat,
275 1778 313 1807 et
331 1771 499 1807 esuriens
518 1770 646 1806 Pisaeae
667 1784 791 1807 ramus
809 1772 941 1808 olivae?

88 1822 137 1859 Ut
156 1824 202 1859 sit
222 1835 370 1871 magna,
391 1829 515 1858 tamen
535 1821 636 1858 certe
657 1823 759 1858 lenta
778 1823 831 1859 ira
851 1824 1006 1860 deorum
1025 1831 1091 1860 est.

89 1874 130 1910 Si
149 1882 283 1910 curant
302 1874 412 1922 igitur
432 1882 589 1910 cunctos
609 1874 740 1922 punire
761 1882 954 1919 nocentes,

87 1925 255 1964 Quando
275 1926 320 1961 ad
340 1938 399 1961 me
419 1926 595 1961 venient?
624 1926 689 1960 sed
710 1933 746 1961 et
765 1926 951 1962 exorabile
971 1938 1113 1963 numen

89 1977 261 2013 Fortasse
280 1977 470 2025 experiar:
501 1977 592 2013 solet
612 1977 668 2012 his
688 1977 892 2025 ignoscere.
950 1977 1062 2015 Multi

88 2029 338 2066 Committunt
357 2029 489 2065 eadem
509 2029 654 2065 diverso
673 2029 830 2065 crimina
851 2029 924 2065 fato
940 2042 946 2064 :

89 2080 157 2116 Ille
177 2093 328 2116 crucem
344 2080 494 2116 sceleris
514 2080 673 2128 pretium
693 2080 788 2126 tulit,
810 2081 872 2117 hic
892 2081 1075 2118 diadema.

90 2132 155 2168 Sic
174 2133 341 2169 animum
361 2132 449 2168 dirae
469 2132 653 2181 trepidum
675 2132 872 2169 formidine
891 2133 1010 2181 culpae

89 2183 333 2220 Confirmant.
389 2184 504 2220 Tunc
523 2191 558 2220 te
572 2197 677 2220 sacra
696 2184 743 2220 ad
763 2184 917 2220 delubra
937 2191 1130 2221 vocantem

89 2235 285 2282 Praecedit,
306 2236 450 2272 trahere
471 2236 583 2272 immo
603 2236 699 2272 ultro
720 2248 764 2271 ac
783 2248 914 2273 vexare
934 2244 1094 2285 paratus.

89 2287 202 2333 Nam,
221 2300 336 2335 quum
356 2299 493 2336 magna
513 2288 619 2324 malae
639 2295 806 2335 superest
825 2288 983 2324 audacia
1002 2301 1138 2335 causae,

89 2339 264 2375 Creditur
284 2352 305 2375 a
325 2340 450 2375 multis
470 2339 616 2376 fiducia.
674 2339 834 2375 Mimum
855 2341 930 2388 agit
951 2340 1025 2386 ille,

90 2390 231 2426 Urbani
250 2391 398 2439 qualem
419 2391 592 2439 fugitivus
613 2404 739 2427 scurra
758 2391 897 2427 Catulli
913 2405 920 2428 z

88 2441 151 2477 Tu
173 2443 282 2479 miser
301 2443 501 2489 exclamas,
523 2450 561 2478 ut
582 2444 754 2479 Stentora
773 2443 919 2480 vincere
938 2444 1069 2492 possiS‚

1343 135 1388 171 71

1344 277 1394 313 70

1345 533 1396 569 75

1344 790 1396 827 80

1340 1048 1394 1085 85

1342 1565 1394 1602 95

1321 1823 1394 1860 100

1319 2081 1393 2118 105

1320 2340 1393 2377 110
