1596 2779
189 166 240 202 94
638 164 677 194 Α.
703 164 849 194 PERSH
875 163 1037 194 FLACCI

191 257 321 293 Euion
342 257 545 304 ingeminat
557 270 570 291 .·
598 257 822 305 reparabilis
842 262 991 292 assonat
1011 255 1130 306 Esho.

192 309 287 345 Haec
307 309 450 354 fierent,
471 308 501 344 si
521 308 682 344 testiculi
703 321 796 344 vena
816 309 889 344 ulla
909 308 1053 356 paterni

191 361 343 396 Viveret
364 360 400 395 in
422 359 557 396 nobis'?
586 360 731 395 summa
752 361 926 396 delumbe
947 359 1060 395 saliva

193 412 278 448 Hoc
298 419 400 448 natat
420 412 456 447 in
478 411 604 457 labris,
626 419 662 447 et
682 411 719 447 in
741 413 814 448 udo
834 420 889 448 est
907 410 1053 447 Moenas
1072 416 1110 445 et
1129 409 1268 446 Attin:
1421 410 1494 446 105

192 463 463 511 Necvpluteum
483 464 605 509 caedit,
626 476 697 499 nec
717 463 906 499 demorsos
927 463 1022 510 sapit
1042 473 1198 509 ungues.

245 519 252 534 ‘
270 516 345 551 Sed
365 515 452 562 quid
472 528 565 562 opus
585 523 732 551 teneras
752 515 915 550 mordaci
936 515 1065 549 radere
1086 526 1170 549 vero

193 567 426 602 Auriculas'l
455 567 537 602 vide
558 566 620 612 sis,
642 579 689 603 ne
710 567 890 614 majorum
910 566 977 602 tibi
999 564 1091 602 forte

193 618 342 654 Limina
363 618 582 666 frigescant:
614 627 720 654 sonat
742 619 803 654 hic
824 618 870 654 de
891 631 981 653 nare
1001 618 1138 653 canina

193 669 356 706 Littera.'
414 670 484 706 Per
505 683 564 706 me
583 670 754 718 equidem
776 671 849 706 sint
864 669 988 705 omnia
1008 670 1175 717 protinus
1195 668 1290 714 alba,
1422 668 1494 704 110

192 721 257 757 Nil
280 735 410 758 moror.
468 722 595 769 Euge!
626 735 769 767 omneS,
789 734 919 757 omnes
941 722 1036 756 bene
1058 722 1159 756 niirae
1179 720 1282 756 eritis
1301 732 1370 756 res.
1406 742 1413 748 ·

195 773 278 809 Hoc
295 773 428 821 juvat?
484 773 573 819 Hie,
591 774 725 821 inquis,
747 781 828 809 veto
847 774 1040 820 quisquam
1064 773 1150 808 faxit
1166 772 1316 808 oletum.

193 824 313 872 Pinge
333 826 427 861 duos
444 838 607 873 angues:
637 826 754 873 pueri,
776 838 880 860 sacer
901 833 955 860 est
975 825 1099 860 locus:
1129 823 1234 860 extra

194 875 350 913 Meiite:
380 878 543 913 discedo.
602 877 729 913 Secuit
753 877 920 912 Lucilius
940 876 1092 921 Urbem,

193 927 266 974 Te,
288 929 405 977 Lupe,
426 937 474 975 te,
498 929 614 974 Muci,
634 937 670 964 et
689 929 894 977 genuinum
918 929 1026 975 fregit
1042 928 1077 964 in
1099 928 1180 964 illis.
1354 972 1356 976 .
1423 928 1495 963 115

192 980 318 1016 Omne
340 981 439 1017 vafer
460 981 586 1017 vitium
608 981 742 1016 ridenti
760 981 920 1016 Flaccus
940 981 1060 1015 amico

193 1031 349 1080 Tangit,
366 1040 403 1068 et
423 1033 606 1068 admissus
626 1032 768 1067 circum
790 1032 994 1080 praecordia
1013 1031 1119 1077 ludit,

193 1083 362 1119 Callidus
380 1096 538 1119 excusso
556 1084 733 1132 populum
755 1084 982 1131 suspendere
1003 1096 1104 1119 naso.

194 1134 296 1171 Men'
322 1136 454 1171 mutire
475 1135 591 1180 nefas,
609 1147 680 1170 nec
700 1133 811 1180 clam,
833 1147 903 1170 nec
923 1147 1009 1170 cum
1030 1134 1186 1170 scrobe?
1251 1138 1259 1153 ‘
1275 1134 1494 1183 Nusquam.'

193 1186 273 1222 Hic
293 1195 417 1222 tamen
440 1187 617 1223 infodiam
635 1200 642 1222 :
674 1187 775 1232 Vidi,
793 1187 865 1222 vidi
883 1187 972 1234 ipse,
994 1185 1130 1230 libelle,
1423 1185 1497 1222 120

195 1238 398 1274 Auriculas
419 1239 512 1274 asini
535 1238 639 1274 Mida
659 1251 723 1274 rex
744 1239 877 1274 habet:
907 1239 978 1274 hoc
997 1250 1067 1285 ego
1085 1245 1269 1285 opertum,

196 1289 280 1326 Hoc
301 1290 421 1326 ridere
442 1303 581 1335 meum,
597 1297 673 1325 tam
694 1290 759 1335 nil,
780 1290 882 1325 nulla
899 1290 964 1325 tibi
985 1290 1106 1325 vendo

195 1340 325 1377 Iliade.
384 1341 547 1385 Audaci,
567 1342 796 1389 quicunque,
817 1341 936 1377 afflate
958 1341 1126 1385 Cratino,

194 1392 336 1429 Iratum
360 1394 581 1442 Eupolidem
601 1393 811 1441 praegrandi
832 1405 918 1428 cum
939 1405 1028 1428 sene
1044 1393 1172 1440 palles,

195 1445 335 1492 Aspice
355 1452 392 1481 et
408 1446 500 1490 haec,
521 1445 550 1480 si
572 1443 664 1481 forte
688 1444 824 1492 aliquid
846 1444 1038 1481 decoctius
1058 1444 1174 1480 audis.
1423 1443 1496 1479 125

195 1495 291 1532 Inde
313 1497 485 1545 vaporata
507 1497 622 1533 lector
643 1496 733 1532 mihi
756 1496 894 1532 ferveat
914 1509 1025 1532 aure:

194 1547 283 1584 Non
305 1549 379 1594 hic,
399 1549 461 1596 qui
483 1550 519 1585 in
540 1548 710 1596 crepidas
725 1548 921 1583 Graiorum
943 1547 1071 1583 ludere
1091 1548 1202 1596 gestit

195 1599 390 1645 Sordidus,
411 1608 447 1636 et
463 1601 567 1637 lusco
585 1600 647 1648 qui
667 1600 787 1647 poscit
807 1600 946 1644 dicere,
968 1599 1105 1645 Lusce,

195 1652 287 1687 Sese
308 1652 466 1700 aliquem
488 1653 658 1696 credens,
682 1651 776 1687 Italo
795 1649 892 1699 quod
915 1652 1052 1687 honore
1073 1651 1230 1700 supinus

194 1702 364 1751 Fregerit
381 1704 551 1742 heminas
573 1702 680 1739 Areti
702 1703 818 1738 oedilis
839 1703 1005 1750 iniquas:
1444 1702 1495 1738 30

193 1754 278 1790 Nec
297 1755 359 1803 qui
377 1756 494 1791 abaco
514 1767 701 1799 numer03‚
723 1762 759 1790 et
781 1763 882 1791 secto
903 1755 939 1790 in
960 1754 1111 1802 pulvere
1131 1761 1260 1800 metas

194 1807 274 1842 Scit
293 1808 416 1843 risisse
437 1808 549 1852 vafer,
570 1803 726 1842 multtnn
748 1807 911 1854 gaudere
931 1813 1095 1855 paratus,

194 1858 234 1893 Si
256 1858 403 1907 Cynico
423 1859 575 1894 barbam
595 1858 765 1907 petulans
784 1859 938 1894 nonaria
959 1858 1077 1894 vellat.

194 1909 266 1946 His
286 1923 396 1947 mane
417 1911 597 1956 edictum,
617 1917 699 1958 post
714 1909 870 1958 prandia
889 1909 1106 1946 Callirhoen
1127 1909 1186 1945 do.

700 2123 908 2160 SATIRA
938 2123 990 2159 11.

550 2227 613 2257 AD
641 2226 848 2257 PLOTIUM
871 2226 1132 2256 MACRINUM

659 2333 712 2356 m:
743 2323 848 2357 noma
877 2331 1029 2355 ΜΕΝἹῈ.

249 2424 382 2470 Hunc,
404 2424 590 2469 Macrine,
611 2423 709 2459 diem
730 2436 887 2459 numera
907 2423 1059 2459 meliore
1079 2423 1218 2472 lapillo,

194 2477 273 2516 Qui
295 2477 360 2512 tibi
382 2477 549 2512 labentes
568 2475 719 2523 apponit
739 2476 921 2511 candidus
941 2488 1068 2511 annos.

197 2527 329 2564 Funde
349 2541 489 2564 merum
510 2527 633 2564 Genio
651 2540 657 2562 :
688 2539 761 2563 non
781 2535 818 2563 tu
841 2540 950 2576 prece
970 2527 1092 2575 poscis
1112 2525 1232 2563 emaci
