1596 2779
148 139 199 175 54
564 140 602 168 D.
627 139 753 169 JUNH
779 138 1036 169 JUVENALIS

149 232 360 269 Fictilibus.
418 233 532 269 Tunc
554 233 616 268 illa
635 233 737 278 time,
757 245 871 281 quum
892 232 1026 280 pocula
1042 244 1167 268 sumes

148 285 361 331 Gemmata,
381 293 418 321 et
438 285 511 321 lato
532 285 703 320 Setinum
725 285 870 321 ardebit.
891 285 928 319 in
950 296 1050 319 auro.

150 335 286 372 Jamne
308 337 420 385 igitur
441 337 586 381 laudas,
606 337 703 383 quod
725 337 770 372 de
792 335 1023 384 sapientibus
1044 335 1136 372 alter

150 388 330 433 Ridebat,
351 388 496 436 quoties
516 389 562 424 (le
584 388 714 424 limine
734 396 898 424 moverat
918 400 1035 423 unum

150 439 432 488 Protuleratque
452 441 586 488 pedem
604 454 611 484 ;
642 439 752 476 flebat
772 440 982 476 contrarius
1003 439 1158 475 auctor?

151 492 228 528 Sed
249 492 368 528 facilis
388 492 506 528 cuivis
526 492 636 540 rigidi
657 504 817 528 censura
836 491 1035 528 cachinni:

151 543 366 580 Mirandum
387 552 454 590 est,
476 544 576 580 unde
597 544 657 580 ille
677 544 796 580 oculis
815 544 1005 579 suffecerit
1023 543 1167 579 humor.

150 595 335 644 Perpetuo
354 596 429 631 risu
449 596 664 644 pulmonem
685 596 825 644 agitare
846 595 987 632 solebat

151 647 404 693 Democritus,
425 661 636 696 quanquam
658 661 732 684 non
753 655 879 684 essent
899 647 1051 683 urbibus
1072 646 1144 684 illis

152 699 348 744 Praetexta,
368 708 405 735 et
425 700 574 745 trabeae,
598 701 729 746 fasces,
749 700 897 745 lectica,
918 699 1091 735 tribunal.

150 751 271 797 Quid,
292 753 321 788 si
342 752 494 788 vidisset
514 752 715 788 Praetorem
736 752 906 789 curribus
929 752 1012 787 altis

151 803 386 849 Exstantem,
407 812 444 840 et
464 804 587 840 medio
606 805 805 840 sublimem
826 803 863 839 in
883 803 1034 851 pulvere
1055 802 1158 839 Circi

152 855 197 892 In
218 857 347 892 tunica
367 856 483 900 Jovis,
505 864 542 892 et
561 857 669 905 pictae
691 857 854 892 Sarrana
874 855 1055 891 ferentem

152 908 209 944 Ex
230 909 396 944 humeris
416 908 536 944 aulaea
556 917 663 956 togae,
685 920 904 956 magnaeque
924 919 1072 943 coronae

152 960 320 996 Tantum
336 960 477 1003 orbem,
498 959 637 1007 quanto
661 961 786 997 cervix
801 973 874 995 non
897 959 1032 995 sufficit
1052 958 1155 994 ulla?

151 1012 305 1060 Quippe
326 1020 428 1048 tenet
449 1013 588 1048 sudans
609 1014 706 1048 hanc
726 1012 911 1061 publicuS,
932 1019 982 1056 et,
1003 1011 1072 1047 sibi
1093 1009 1235 1046 Consul

152 1064 213 1101 Ne
234 1065 392 1113 placeat,
413 1077 523 1100 curru
546 1077 673 1100 servus
692 1071 858 1112 portatur
879 1064 1023 1099 eodem.

152 1116 211 1152 Da
231 1129 334 1153 nunc
354 1125 390 1152 et
409 1117 612 1162 volucrem,
633 1124 779 1164 sceptro
798 1128 880 1164 quae
901 1114 1019 1163 surgit
1039 1114 1196 1160 eburno,

152 1168 263 1205 Illinc
283 1168 509 1213 cornicines,
531 1169 621 1204 hinc
636 1168 888 1216 praecedentia
908 1166 1008 1215 longi

152 1221 330 1270 Agminis
348 1221 485 1266 officia,
507 1228 544 1257 et
566 1221 693 1256 niveos
713 1221 759 1256 ad
782 1221 895 1256 fraena
913 1219 1099 1263 Quirites,

152 1273 340 1310 Defossa
333 1287 370 1309 m
391 1251 523 1309 loculis
543 1286 634 1320 quos
654 1273 818 1333 sportula
837 1273 926 1309 fecit
945 1271 1098 1307 amicos.

152 1325 188 1361 Τ
194 1339 267 1362 unc
286 1338 432 1374 quoque
453 1325 645 1361 materiam
667 1325 763 1361 risus
784 1325 924 1361 invenit
946 1324 992 1359 ad
1011 1336 1143 1360 omnes

151 1377 346 1414 Occursus
367 1378 574 1422 hominum,
595 1377 702 1425 cujus
722 1377 921 1425 prudentia
940 1383 1133 1421 monstrat,

153 1431 331 1466 Summos
351 1443 458 1478 posse
479 1430 586 1474 viros,
603 1438 639 1466 et
660 1442 796 1477 magna
815 1428 985 1477 exempla
1005 1427 1169 1473 daturos,

152 1483 363 1519 Vervecum
385 1482 423 1518 in
444 1482 562 1531 patria
582 1494 781 1529 crassoque
801 1482 870 1517 sub
890 1484 976 1517 aere
998 1480 1114 1516 nasci.

153 1535 320 1571 Ridebat
341 1547 463 1580 curas,
484 1547 555 1570 nec
575 1547 649 1570 non
671 1542 707 1570 et
725 1534 863 1582 gaudia
883 1533 996 1581 vulgi,

153 1587 349 1624 Interdum
369 1595 406 1624 et
425 1588 624 1635 lacrymas,
648 1599 761 1634 quum
784 1585 960 1622 Fortunae
982 1586 1060 1634 ipse
1083 1583 1223 1620 minaci

153 1639 355 1676 Mandaret
374 1640 547 1687 laqueum
570 1639 811 1686 mediumque
831 1639 1046 1674 ostenderet
1062 1648 1241 1685 unguem.

154 1690 255 1741 Ergo
276 1704 520 1741 supervacua,
537 1698 600 1727 aut
620 1690 831 1739 perniciosa
846 1698 1036 1738 petuntur,

153 1744 307 1793 Propter
323 1757 405 1792 quae
426 1744 478 1779 fas
498 1751 554 1780 est
568 1756 693 1792 genua
714 1743 880 1779 incerare
901 1742 1065 1778 deorum.

147 1807 151 1811 ”
205 1796 404 1835 Quosdam
425 1796 633 1844 praecipitat
652 1795 820 1843 subjecta
838 1794 1005 1852 potentia
1025 1805 1173 1841 magnae

154 1848 337 1891 Invidiae3
367 1848 502 1896 mergit
521 1848 634 1896 longa
650 1855 758 1895 atque
781 1846 939 1894 insignis
960 1846 1143 1882 honorum

155 1901 320 1950 Pagina;
350 1880 607 1937 descenduntD
606 1907 751 1944 statuae,
775 1906 984 1945 restemque
1005 1904 1222 1956 sequuntur.

154 1953 261 2002 Ipsas
277 1953 413 1989 deinde
434 1960 531 1988 rotas
551 1952 722 2000 bigarum
745 1952 907 1999 impacta
925 1950 1068 1986 securis

155 2005 290 2051 Caedit,
311 2014 347 2042 et
367 2005 562 2041 immeritis
584 2005 805 2052 franguntur
826 2016 935 2039 crura
955 2002 1119 2038 caballis.

155 2057 241 2094 Jam
263 2058 425 2094 stridunt
445 2057 564 2105 ignes,
581 2057 657 2105 jam
680 2056 826 2092 follibus
845 2063 955 2102 atque
976 2054 1135 2090 caminis

157 2110 277 2146 Ardet
297 2111 491 2146 adoratum
511 2109 647 2157 populo
667 2116 792 2156 caput,
813 2114 850 2143 et
866 2115 993 2155 crepat
1012 2107 1146 2155 ingens

157 2162 335 2210 Sejanus:
366 2162 502 2198 deinde
522 2174 566 2197 ex
589 2161 684 2197 facie
703 2169 779 2198 toto
794 2160 882 2197 orbe
902 2159 1070 2195 secunda

157 2216 272 2252 Fiunt
293 2213 447 2260 urceoli,
468 2214 606 2263 pelves,
627 2221 787 2261 sartago,
808 2212 964 2260 patellae.

157 2269 260 2305 Pone
280 2267 380 2303 domi
400 2267 535 2311 lauros,
556 2266 631 2301 duc
652 2266 689 2302 in
711 2265 896 2314 Capitolia
916 2276 1095 2312 magnum

157 2321 427 2366 Cretatumque
448 2319 601 2354 bovzem
633 2318 793 2366 Sejanus
812 2317 962 2353 ducitur
983 2328 1081 2351 unco

159 2372 419 2422 Spectandus:
449 2371 616 2419 gaudent
634 2382 777 2407 omnes.
832 2369 933 2408 Quae
954 2368 1079 2404 labra?
1109 2368 1191 2415 quis
1210 2366 1263 2403 illi

165 2423 295 2462 Vultus
315 2424 419 2460 erat?
449 2435 656 2471 nunquam,
677 2422 707 2458 si
728 2422 816 2470 quid
838 2421 929 2458 mihi
950 2421 1086 2465 credis,
1108 2419 1228 2455 amavi

159 2477 276 2514 Hunc
297 2476 497 2512 hominem.
555 2475 631 2511 Sed
647 2487 719 2523 quo
739 2474 877 2511 cecidit
897 2473 965 2509 sub
985 2472 1169 2508 crimine.
1158 2472 1172 2498 7
1201 2471 1372 2520 quisnam

1407 957 1457 992 40

1411 1477 1460 1515 50

1410 2000 1462 2037 60
