1596 2779
614 126 776 157 SATIRA
801 125 901 157 XIII.
1356 125 1406 163 73

103 221 198 259 Haec
217 228 327 270 quota
346 234 430 270 pars
449 221 646 265 scelerum,
665 232 747 268 qua:
765 226 890 255 custos
909 218 1077 255 Gallicus
1096 218 1206 255 Urbis

101 274 226 322 Usque
246 287 267 309 a
286 273 453 318 lucifero,
475 273 595 309 donec
616 272 678 307 lux
696 271 856 315 occidat,
879 270 1005 306 audit?

102 325 270 361 Humani
291 325 439 373 generis
459 336 579 360 mores
600 323 666 359 tibi
686 322 797 358 nosse
818 322 954 358 volenti
1314 362 1319 367 ,

101 376 248 413 Sufficit
268 389 343 412 una
362 377 505 413 domus.
562 375 707 411 Paucos
727 386 906 410 consume
927 374 1020 419 dies,
1040 381 1077 409 et
1336 373 1407 409 160

100 428 238 465 Dicere
258 424 502 472 temiserun1,
523 434 717 474 postquam
738 426 840 461 illinc
861 425 1016 471 veneris,
1037 425 1145 461 aude.

98 481 199 519 Quis
218 479 403 515 tumidum
422 485 548 527 guttur
570 480 722 514 miratur
743 477 779 512 in
803 477 989 524 Alpibus?
1019 485 1082 513 aut
1101 476 1184 525 quis

100 531 145 567 In
168 531 297 567 Meroe
318 543 443 566 crasso
462 531 638 578 majorem
659 529 800 565 infante
822 528 1049 564 mamillam?

100 583 251 619 Caerula
269 582 351 630 quis
371 582 512 630 stupuit
531 581 711 617 Germani
734 580 888 625 lumina,
910 579 1041 615 flavam

99 635 314 679 Caesariem,
334 641 371 670 et
392 633 541 669 madido
561 640 791 681 torquentem
813 644 954 667 cornua
974 631 1096 668 cirro'?
1335 631 1406 667 165

98 686 247 734 Nempe
266 684 367 733 quod
389 686 468 721 haec
489 685 560 721 illis
581 694 712 720 natura
731 692 785 720 est
801 684 975 719 omnibus
996 696 1080 720 una.

104 739 161 773 Ad
183 737 324 774 subitas
344 736 539 772 Thracum
560 737 727 773 volucres
749 736 961 783 nubemque
981 748 1152 772 sonoram

99 789 297 837 Pygmaeus
316 789 436 837 parvis
456 789 571 824 currit
592 788 745 824 bellator
766 788 802 823 in
824 787 935 822 armis
953 800 960 823 ε

98 840 189 877 Mox
209 841 325 889 impar
348 841 441 876 hosti
463 848 658 888 raptusque
678 852 742 887 per
763 842 850 875 aera
866 839 988 874 curvis

98 892 298 941 Unguibus
320 905 339 928 a
360 892 457 927 sceva
479 892 592 927 fertur
613 904 714 939 grue.
773 891 812 926 Si
834 891 959 926 videas
979 891 1050 926 hoc
1334 890 1407 927 170

97 944 284 982 Gentibus
305 944 341 980 in
363 944 509 988 nostris,
531 944 605 979 risu
626 943 814 990 quatiare:
844 942 908 977 sed
931 942 1021 987 illic,

96 995 328 1044 Quanquam
349 996 484 1031 eadem
505 994 655 1031 assidue
677 1002 891 1042 spectentur
912 994 1054 1042 proelia,
1075 994 1171 1030 ridet

97 1047 233 1093 Nemo,
251 1048 313 1083 ubi
334 1055 408 1084 tota
427 1048 558 1083 cohors
580 1047 672 1095 pede
694 1059 768 1082 non
789 1054 844 1082 est
863 1047 967 1082 altior
989 1059 1073 1082 uno.

56 1139 61 1142 ¹
150 1099 315 1136 Nullane
335 1099 473 1148 perjuri
494 1099 626 1147 capitis
648 1098 863 1145 fraudisque
885 1098 1056 1134 nefandae

97 1150 214 1187 Poena
233 1152 328 1187 erit?
385 1151 594 1200 Abreptum
615 1151 726 1186 crede
748 1151 849 1186 hunc
868 1150 1035 1198 graviore
1056 1150 1186 1186 catena
1331 1151 1405 1186 175

95 1202 291 1248 Protenus‚
312 1210 348 1238 et
369 1210 493 1239 nostro
515 1202 620 1251 (quid
642 1203 723 1250 plus
740 1202 826 1238 velit
847 1202 941 1251 παῖ)
964 1202 1091 1238 necari

96 1255 263 1291 Arbitrio
281 1267 287 1290 :
318 1262 444 1291 manet
464 1255 525 1291 illa
549 1264 674 1290 tamen
693 1254 850 1302 jactura,
872 1266 942 1289 nec
965 1266 1128 1302 unquam

96 1306 317 1355 Depositum
339 1307 405 1342 tibi
426 1320 552 1355 sospes
570 1306 650 1342 erit.
709 1307 783 1342 Sed
805 1318 960 1354 corpore
981 1313 1116 1342 trunco

94 1358 282 1395 Invidiosa
302 1359 404 1394 dabit
423 1359 600 1394 minimus
619 1358 750 1395 solatia
766 1359 941 1406 sanguis:

94 1411 146 1446 At
167 1411 329 1447 vindicta
351 1411 488 1447 bonum
511 1411 583 1446 vita
599 1410 804 1458 jucundius
824 1411 915 1458 ipsa.
1333 1410 1406 1446 180

93 1462 240 1511 Nempe
262 1463 332 1499 hoc
353 1462 506 1508 indocti,
522 1475 678 1511 quorum
699 1463 905 1511 praecordia
924 1462 1036 1498 nullis

94 1513 290 1550 Interdum
311 1523 374 1550 aut
394 1515 536 1551 levibus
556 1515 680 1550 videas
701 1514 896 1563 flagrantia
916 1515 1050 1550 causis.

91 1565 438 1615 Quantulacunque
459 1565 552 1603 adeo
573 1575 627 1602 est
648 1567 809 1611 occasio,
831 1566 966 1602 sufficit
986 1567 1060 1602 irae.

92 1617 322 1667 Chrysippus
342 1632 415 1654 non
436 1619 536 1655 dicet
555 1619 667 1664 idem,
690 1631 761 1654 nec
781 1618 869 1654 mite
889 1618 1062 1654 Thaletis

92 1669 306 1718 Ingenium,
328 1671 502 1719 dulcique
522 1684 636 1706 senex
658 1671 803 1706 vicinus
824 1671 1016 1718 Hymetto,
1329 1671 1402 1708 185

90 1721 170 1760 Qui
191 1730 333 1770 partem
354 1730 518 1771 acceptae
539 1735 636 1758 saeva
656 1723 751 1758 inter
771 1722 893 1758 vincla
913 1722 1047 1758 cicutae

91 1774 313 1810 Accusatori
334 1774 450 1811 nollet
468 1775 567 1812 dare.
625 1775 789 1810 Plurima
810 1775 894 1811 felix

90 1824 274 1862 Paulatim
297 1826 382 1862 vitia
402 1834 511 1875 atque
530 1840 671 1862 errores
691 1828 793 1863 exuit
811 1840 954 1871 omnes,

90 1877 214 1914 Prima
234 1879 344 1914 docet
364 1887 507 1914 rectum
529 1879 720 1926 Sapientia
739 1891 745 1914 :
776 1879 911 1927 quippe
933 1879 1065 1914 minuti

91 1930 246 1978 Semper
265 1938 302 1966 et
322 1930 458 1966 infirmi
477 1938 532 1966 est
548 1931 661 1966 animi
681 1931 880 1979 exiguique
902 1930 1067 1978 voluptas
1326 1932 1399 1969 190

90 1981 200 2018 Ultio.
257 1981 448 2018 Continuo
470 1983 524 2018 sic
544 1982 692 2030 collige,
714 1981 814 2030 quod
837 1983 1002 2029 vindicta

89 2031 213 2070 Nemo
233 2032 352 2082 magis
371 2034 523 2083 gaudet,
543 2032 656 2082 quam
679 2035 839 2070 foemina.
896 2034 974 2070 Cur
994 2042 1119 2071 tamen
1139 2035 1207 2072 hos
1225 2042 1266 2072 tu

88 2084 260 2121 Evasisse
280 2094 399 2135 putes,
419 2099 512 2134 quos
532 2086 601 2122 diri
621 2087 772 2123 conscia
794 2087 880 2122 facti

89 2135 200 2173 Mens
222 2138 332 2174 habet
353 2138 539 2184 attonitos,
559 2145 595 2174 et
615 2139 726 2174 surdo
746 2139 897 2175 verbere
917 2139 1041 2186 caedit,

87 2188 293 2225 Occultum
313 2190 502 2238 quatiente
523 2190 647 2226 animo
667 2198 803 2227 tortore
824 2190 1037 2239 flagellum?
1322 2192 1395 2229 190

88 2240 204 2277 Poena
225 2250 349 2278 autem
370 2243 572 2278 vehemens
592 2256 636 2279 ac
656 2243 772 2278 multo
792 2243 921 2279 saevior
943 2243 1027 2290 illis,

86 2292 198 2331 Quas
217 2301 253 2329 et
274 2294 463 2330 Caedicius
483 2295 604 2343 gravis
625 2295 778 2340 invenit,
798 2303 834 2331 et
855 2295 1171 2332 Rhadamanthus

88 2344 210 2381 Nocte
231 2345 365 2393 dieque
386 2358 495 2381 sumn
515 2355 662 2394 gestare
684 2347 720 2382 in
737 2355 887 2395 pectore
908 2356 1051 2384 testem.

89 2396 271 2444 Spartano
291 2398 442 2434 cuidam
463 2398 653 2446 respondit
674 2399 807 2446 Pythia
830 2407 932 2435 vates
950 2412 957 2435 :

88 2447 202 2484 Haud
222 2449 446 2498 impunitum
466 2451 653 2498 quondam
676 2451 764 2496 sore,
785 2449 883 2499 quod
905 2452 1093 2488 dubitaret
1315 2452 1392 2490 200
