1596 2779
599 144 762 173 SATIRA
787 143 884 173 XIV.
1334 145 1385 180 77

82 240 158 276 Hic
178 247 233 276 est
253 237 343 288 ergo
364 238 470 274 cibus
490 238 617 286 magni
636 250 782 285 quoque
803 237 970 282 vulturis,
991 243 1027 272 et
1046 248 1086 272 se

81 291 288 336 pascentis,
308 291 456 339 propria
474 302 588 338 quum
601 289 676 337 jam
699 289 787 325 facit
808 289 937 325 arbore
958 289 1077 324 nidos.
1333 288 1386 324 80

81 343 156 378 Sed
177 343 341 391 leporem
361 350 424 378 aut
443 353 616 390 capream
637 340 783 377 famula‘.
805 340 907 376 Jovis
926 348 963 375 et
982 352 1173 389 generosae

82 395 126 431 In
148 395 243 439 saltu
263 401 445 430 venantur
461 406 568 429 aves:
596 393 685 428 hinc
706 393 830 440 praeda
852 392 965 428 cubili

81 447 236 484 Ponitur
254 459 260 482 :
291 447 379 482 inde
400 452 538 490 autem,
559 457 672 492 quum
693 458 732 480 se
753 452 896 480 matura
916 443 1047 480 levarit

82 499 298 547 Prmrenies,
319 497 533 534 stimulante
554 497 665 542 fame,
687 496 835 532 festinat
857 497 902 532 ad
924 496 1038 541 illam,

80 551 211 590 Quam
230 548 390 599 primum
411 549 574 598 praedam
595 556 743 596 ruptoU
724 556 875 584 ‹rus-tax<
880 555 933 583 rat
952 560 1031 584 ovo.
1337 546 1388 582 85

136 602 357 640 ,Edificator
376 608 455 637 erat
474 600 689 645 Cetronius‚
706 608 742 636 et
764 598 874 636 niodo
891 612 1005 636 curvo

83 654 224 691 Littore
245 647 401 702 Cajette‚
422 665 569 689 summa
590 665 692 688 nunc
713 651 870 687 Tiburis
891 664 989 697 arce,

83 705 198 742 Nunc
219 705 459 742 Praenestinis
480 705 517 740 in
539 705 739 749 montibus,
761 703 834 740 alta
853 703 1006 752 parabat

83 758 261 794 Culmina
280 757 463 802 villarum,
483 756 627 792 Graecis
646 754 834 804 longi-que
854 755 980 804 petitis

86 809 349 854 Marmorffius,
370 809 524 845 vincens
546 807 722 844 Fortunoe
744 815 852 855 atque
874 807 1049 843 Herculis
1071 807 1203 853 aedem,
1340 807 1391 842 90

69 862 133 905 *Ut
152 862 267 910 spado
287 861 458 897 vincebat
478 860 665 908 Capitolia
685 868 810 895 nostra
830 859 994 895 Posides.

84 914 187 950 Dum
207 913 261 949 sic
280 911 371 960 ergo
392 912 535 948 habitat
554 911 767 956 Cotronius,
789 911 977 946 imminuit
997 923 1088 957 rem,

84 965 213 1013 Fregit
231 977 342 1013 opes;
372 977 442 1000 nec
462 977 572 1012 parva
593 971 718 999 tamen
739 975 916 998 mensura
935 963 1075 999 relictae

85 1014 206 1054 Partis
224 1025 302 1053 erat
321 1029 328 1052 ς
358 1023 474 1053 totam
490 1016 588 1051 hanc
608 1015 768 1051 turbavit
788 1015 884 1050 filius
905 1027 1047 1060 amens,

84 1069 186 1106 Dum
206 1068 357 1105 meliore
378 1080 491 1104 novas
511 1067 643 1104 attollit
663 1079 845 1103 marmore
866 1067 979 1103 villas.
1341 1066 1393 1102 95

136 1121 308 1160 Quidam
329 1120 446 1156 sortiti
467 1126 698 1155 metuentem
718 1119 873 1154 sabbata
894 1127 1051 1167 patrem,

84 1173 149 1209 Nil
170 1181 303 1221 praeter
323 1172 443 1208 nubes
462 1179 499 1208 et
518 1171 603 1207 coeli
624 1184 764 1207 numen
785 1171 962 1214 adorant;

85 1224 170 1260 Nec
191 1225 327 1261 distare
346 1231 480 1272 putant
500 1224 666 1259 humana
686 1235 800 1258 carne
820 1223 982 1268 suillam,

83 1276 176 1315 Qua
196 1284 298 1325 pater
320 1275 518 1318 abstinuit3
548 1288 634 1311 mox
653 1282 690 1311 et
709 1274 889 1324 praeputia
909 1281 1078 1324 ponunt:

86 1329 280 1365 Romanas
302 1336 426 1364 autem
446 1327 544 1364 soliti
564 1335 806 1364 contemnere
827 1327 930 1375 leges
1323 1327 1396 1363 100

85 1380 290 1417 Judai'cum
311 1380 498 1425 ediscunt,
519 1388 556 1416 et.
576 1387 735 1424 servant,
757 1392 801 1414 ac
822 1386 994 1415 metuunt
1011 1379 1103 1427 jus,1

85 1433 262 1469 Tradidit
283 1445 419 1469 arcano
438 1433 691 1480 quodcunque
711 1431 898 1467 volumine
922 1431 1058 1467 Moses

86 1485 174 1521 Non
196 1493 399 1521 monstrare
420 1484 509 1530 vias,
531 1484 665 1520 eadem
686 1483 757 1519 nisi
773 1496 880 1519 sacra
899 1483 1060 1527 colenti;

83 1537 302 1577 Quaesitum
325 1537 370 1573 ad
391 1537 530 1573 fontem
551 1536 647 1572 solos
664 1536 852 1571 deducere
873 1548 1012 1583 verpos.

85 1589 161 1626 Sed
182 1597 285 1638 pater
305 1589 343 1625 in
363 1589 489 1632 causa,
511 1588 573 1624 cui
593 1587 750 1636 septima
769 1600 924 1635 quaeque
945 1587 1014 1623 fuit
1033 1587 1098 1623 lux
1324 1588 1396 1624 105

86 1640 168 1690 Ign-
163 1654 229 1677 ¹tva
249 1649 285 1677 et
305 1649 450 1698 partem
469 1641 551 1676 vitae
573 1653 647 1676 non
670 1640 790 1688 attigit
810 1640 934 1675 ullam.

140 1694 280 1742 Sponte
300 1693 595 1741 tamenJ'uvenes
617 1692 810 1728 imitantur
831 1699 992 1728 cetera:
1023 1692 1141 1728 solam

87 1745 198 1781 Inviti
218 1757 364 1793 quoque
386 1745 575 1781 avaritiam
595 1754 770 1780 exercere
787 1744 976 1792 jubentur.

87 1797 119 1833 1⁴
122 1797 199 1834 allit
218 1797 319 1833 enim
339 1797 468 1833 vitium
488 1797 613 1844 specie
634 1797 778 1832 virtutis
798 1804 834 1832 et
855 1797 1001 1842 umbra,

85 1850 218 1888 Quum
239 1849 285 1885 sit
304 1849 407 1885 triste
428 1849 558 1885 habitu
578 1848 754 1896 vultuque
774 1856 811 1884 et
831 1856 931 1884 veste
952 1861 1137 1885 severum.
1325 1849 1397 1884 110

88 1901 174 1938 Nec
195 1899 323 1945 dubie,
343 1909 522 1949 tanquam
543 1900 653 1948 frugi,
673 1900 848 1936 laudatur
868 1913 1014 1946 avarus,

88 1953 289 2000 Tanquam
310 1965 446 2001 parcus
466 1953 590 1997 homo,
611 1961 649 1988 et
669 1965 793 1988 rerum
813 1952 929 1988 tutela
949 1965 1102 1989 suarum

88 2006 204 2042 Certa
224 2003 357 2053 magis,
377 2003 490 2053 quain
510 2004 540 2040 si
561 2005 727 2041 fortunas
747 2012 866 2040 servet
886 2005 1036 2040 easdem

89 2057 344 2106 Hesperidum
364 2070 518 2105 serpens
538 2064 600 2093 aut
620 2056 811 2092 Ponticus.
868 2057 980 2092 Adde
1000 2055 1101 2105 quod
1122 2058 1238 2103 huno,
1259 2056 1306 2093 de

86 2110 178 2149 Quo
198 2109 337 2157 loquor,
357 2108 552 2157 egregium
573 2109 729 2157 populus
748 2115 854 2157 putat
873 2109 1094 2157 acquirendi
1326 2110 1399 2145 115

90 2162 287 2199 Artificem
305 2174 312 2196 :
341 2161 477 2210 quippe
498 2160 555 2197 his
576 2168 752 2197 crescunt
771 2161 996 2209 patrimonia
1017 2161 1143 2198 fabris.

91 2215 167 2250 Sed
187 2221 364 2250 crescunt
382 2225 606 2261 quocunque
626 2212 749 2258 modo,
770 2213 982 2261 majoraque
1003 2213 1098 2250 fiunt

90 2266 236 2302 Incude
256 2265 418 2310 assidua,
438 2277 658 2314 semperque
678 2266 831 2301 ardente
852 2266 1012 2302 camino.

90 2318 138 2355 Et
157 2326 260 2376 pater
279 2315 369 2366 ergo
390 2317 505 2353 animi
527 2317 654 2353 felices
673 2317 793 2353 credit
812 2330 952 2363 avaros,

87 2370 169 2410 Qui
190 2370 343 2406 miratur
361 2380 464 2417 opes,
483 2369 546 2416 qui
566 2369 671 2405 nulla
688 2369 859 2418 exempla
879 2369 976 2406 beati
1328 2369 1401 2406 120

91 2422 271 2470 Pauperis
290 2434 371 2458 esse
392 2428 497 2469 putat
546 2421 704 2470 juvenes
724 2422 904 2467 hortatur,
924 2429 964 2458 ut
984 2422 1086 2458 illam

92 2473 152 2511 Ire
172 2474 267 2510 viam
286 2480 456 2523 pergant,
476 2480 513 2510 et
532 2473 655 2509 eidem
677 2473 896 2510 incumbere
917 2482 1039 2510 sectae.

407 2526 431 2560 7
448 2524 469 2546 π»
