1596 2779
580 166 742 196 SATKRA
769 166 865 196 xlv.

68 260 250 306 Perfidus,
269 267 307 296 et
327 260 425 309 nigri
446 259 605 308 patietur
625 259 787 295 carceris
807 271 962 303 uncum,

67 313 144 348 Aut
165 313 276 348 maris
297 312 418 360 AEgaei
440 323 582 359 rupem,
604 311 851 358 scopulosque
874 311 1086 357 frequentes

67 363 268 399 Exsulibus
288 363 445 411 magnis.
502 363 620 398 Poena
635 362 817 410 gaudebis
838 363 965 398 amara

65 415 239 451 Nominis
260 415 380 461 invisi,
400 415 625 462 tandemque
646 413 808 450 fatebere
828 413 946 459 laetus,

65 465 151 502 Nec
170 469 324 503 surdum
345 479 416 502 nec
437 466 625 502 Tiresiam
645 478 857 513 quenquam
878 478 959 502 esse
980 466 1146 502 deorum.

550 673 759 710 SATIRA
780 674 888 711 XIV.

119 777 303 814 PLmuMA
322 786 421 823 sunt,
443 777 622 823 Fuscine,
643 786 680 815 et
702 778 800 814 fama
820 779 935 827 digna
954 779 1120 824 sinistra,

67 829 116 866 Et
135 830 264 866 nitidis
284 830 470 866 maculam
491 830 673 866 haesuram
696 830 847 879 figentia
869 831 990 876 rebus,

65 881 165 920 Quae
186 889 392 918 monstrant
413 881 480 929 ipsi
496 882 620 929 pueris
640 883 862 929 traduntque
882 890 1066 930 parentes

68 933 109 969 Si
130 934 310 969 damnosa
331 945 460 969 senem
476 933 580 981 juvat
600 933 692 978 alea,
713 934 808 969 ludit
833 942 869 970 et
891 935 1008 969 liaeres

67 985 248 1030 Bullatus‚
269 997 453 1033 parvoque
473 985 604 1020 eadem
626 993 747 1021 movet
766 998 868 1021 arma
889 985 1024 1022 fritillo.

67 1036 151 1073 Nec
170 1037 302 1072 melius
322 1037 368 1072 de
389 1049 427 1072 se
447 1036 621 1084 cuiquam
641 1049 789 1085 sperare
810 1038 1015 1085 propinquo

67 1088 262 1125 Concedet
278 1088 438 1136 juvenis,
458 1089 520 1135 qui
540 1089 670 1124 radere
690 1089 820 1125 tubera
839 1097 959 1135 terrae,

67 1140 239 1176 Boletum
260 1140 428 1185 condire,
449 1148 486 1176 et
504 1140 638 1176 eodem
656 1140 739 1188 jure
759 1149 931 1177 natantes

69 1191 241 1240 Mergere
262 1192 442 1228 ficedulas
457 1192 601 1238 didicit,
623 1192 810 1228 nebulone
831 1200 998 1241 parente,

67 1243 117 1279 Et
135 1244 232 1279 cana
248 1250 478 1280 monstrante
497 1243 596 1291 gula.
653 1243 786 1282 Quum
807 1245 986 1292 septimus
1006 1257 1129 1280 annus

68 1294 279 1332 Transierit
298 1307 428 1343 puero,
448 1295 615 1331 nondum
635 1295 737 1331 omni
760 1296 872 1332 dente
893 1304 1035 1341 renato,

69 1346 249 1383 Barbatos
269 1345 358 1383 licet
378 1347 575 1382 admoveas
595 1347 696 1383 mille
717 1347 804 1384 inde
826 1348 1035 1396 magistroS‚

68 1398 172 1435 Hinc
192 1399 359 1445 totidem,
380 1398 506 1448 cupiet
525 1399 625 1435 lauto
645 1411 795 1435 coenare
815 1407 944 1448 paratu

70 1451 238 1499 Semper,
259 1458 296 1486 et
315 1463 337 1487 a
355 1451 493 1500 magna
514 1463 589 1487 non
610 1451 839 1499 degenerare
859 1452 998 1488 culina.

69 1501 202 1538 Mitem
222 1503 389 1539 animum
409 1510 446 1539 et
465 1515 586 1538 mores
608 1502 764 1539 modicis
784 1504 968 1540 erroribus
989 1516 1112 1552 aequos

68 1554 253 1603 Praeoipit,
274 1561 384 1602 atque
403 1555 548 1590 animas
567 1567 756 1591 servorum
776 1563 813 1591 et
832 1568 986 1604 corpora
1006 1556 1132 1592 nostra

69 1605 229 1642 Materia
249 1615 419 1643 constare
439 1613 545 1654 putat
560 1606 785 1654 paribusque
806 1607 1025 1652 elenientis;

69 1658 132 1694 An
154 1658 281 1694 saevire
302 1659 411 1694 docet
431 1658 598 1703 Rutilus,
618 1659 682 1706 qui
702 1659 841 1706 gaudet
861 1659 997 1696 acerbo

70 1709 271 1758 Plagarum
292 1710 460 1758 strepitu,
481 1718 519 1745 et
538 1710 680 1746 nullam
701 1711 838 1748 Sirena
857 1711 1013 1759 flagellis

69 1761 282 1810 Comparat,
302 1762 526 1810 Antiphates
545 1762 678 1810 trepidi
698 1762 798 1808 laris,
819 1775 863 1798 ac
890 1763 1152 1812 PolyphemuS,

69 1813 172 1850 Tum
193 1813 291 1860 felix,
312 1814 456 1861 quoties
475 1813 607 1861 aliquis
626 1822 760 1851 tortore
781 1822 910 1851 vocato

68 1865 195 1902 Uritur
216 1865 361 1902 ardenti
382 1866 456 1902 duo
475 1874 622 1914 propter
641 1866 755 1902 lintea
777 1867 896 1903 ferro?

69 1917 176 1956 Quid
197 1917 329 1953 suadet
345 1917 472 1965 juveni
489 1917 596 1953 laetus
615 1918 771 1954 stridore
792 1925 948 1963 catenae,

69 1968 200 2007 Quem
220 1967 312 2004 mire
334 1969 502 2005 afficiunt
523 1969 702 2017 inscripta
721 1970 920 2018 ergastula,
937 1983 1066 2007 carcer

71 2020 280 2057 Rusticus?
335 2019 553 2069 Exspectas‚
575 2028 612 2057 ut
634 2034 707 2057 non
728 2022 774 2057 sit
790 2021 958 2057 adultera
978 2021 1112 2071 Largae

74 2071 186 2118 Filia,
206 2084 288 2120 quae
308 2084 500 2120 nunquam
521 2080 707 2109 maternos
727 2073 852 2109 dicere
873 2074 1038 2110 moechos

72 2123 170 2161 Tam
191 2122 280 2169 cito,
301 2136 373 2160 nec
393 2131 495 2160 tanto
514 2125 648 2173 poterit
668 2133 871 2161 contexere
892 2138 1019 2172 cursu,

73 2176 124 2213 Ut
142 2189 216 2212 non
236 2183 291 2212 ter
311 2176 438 2212 decies
458 2176 645 2224 respiret?
700 2177 866 2213 Conscia
886 2178 993 2214 matri

73 2228 191 2276 Virgo
211 2227 299 2264 fuit:
329 2240 434 2264 ceras
453 2241 557 2264 nunc
578 2228 648 2264 hac
668 2229 833 2265 dictante
853 2229 1005 2277 pusillas

74 2279 223 2328 Implet,
243 2287 280 2316 et
295 2279 341 2315 ad
362 2281 528 2316 moechos
547 2281 610 2316 dat
629 2281 769 2316 eisdem
792 2281 884 2317 ferre
904 2281 1072 2319 cinaedis⁷

76 2331 140 2368 Sic
160 2339 291 2368 natura
307 2331 412 2380 jubet
429 2344 436 2366 :
457 2330 622 2368 velocius
642 2339 679 2368 et
697 2331 809 2369 citius
829 2346 896 2369 nos

76 2382 331 2432 Corrumpunt
351 2383 523 2419 vitiorum
542 2384 712 2432 exempla
731 2385 948 2431 domestica,
969 2386 1117 2433 magnis

75 2434 207 2474 Quum
227 2435 388 2471 subeunt
407 2435 550 2472 animos
566 2435 792 2472 auctoribus.
848 2436 955 2473 Unus
971 2444 1008 2473 et
1027 2437 1118 2474 alter

77 2485 250 2524 Forsitan
271 2487 351 2523 haec
370 2494 547 2536 spernant
561 2487 733 2536 juvenes,
753 2488 887 2536 quibus
907 2498 984 2526 arte
1005 2489 1171 2538 benigna

1325 169 1342 203 εκ,

1298 259 1323 293 r:

1350 256 1376 294 οἱ
1346 167 1375 204 <72

1330 1244 1379 1280 10

1332 1504 1380 1540 15

1329 1762 1381 1800 20

1329 2282 1381 2319 30
