1596 2779
195 156 249 194 84
616 156 658 187 D.
681 155 809 188 JUNII
832 155 1091 188 JUVENALIS

196 247 300 285 Hinc
316 248 485 297 jejunum
505 250 644 286 odium.
701 250 777 286 Sed
794 250 915 299 jurgia
933 248 1052 298 prima
1070 260 1204 286 sonare

195 299 390 349 Incipiunt
409 301 544 337 animis
563 302 800 338 ardentibus:
831 301 912 337 hoec
931 301 1019 337 tuba
1039 301 1139 336 rixae.

194 350 294 388 Dein
315 352 477 388 clamore
496 353 575 401 pari
595 353 841 398 concurritur,
859 361 895 389 et
915 353 996 388 vice
1014 351 1079 388 teli

193 403 308 439 Saevit
328 404 430 439 nuda
449 416 603 440 manus:
632 416 762 452 paucae
783 405 863 440 sine
883 404 1033 439 vulnere
1053 403 1182 439 malae:

193 454 268 490 Vix
289 456 463 503 cuiquam
484 463 547 492 aut
566 456 658 491 nulli
679 463 755 492 toto
775 456 978 491 certamine
999 467 1111 490 nasus

194 504 359 554 Integer.
417 507 645 555 Adspiceres
661 507 736 556 jam
758 515 896 542 cuncta
915 520 979 554 per
999 507 1149 555 agmina
1169 505 1291 542 vultus

193 556 396 603 Dimidios,
416 558 507 594 alias
528 559 655 603 facies,
674 566 710 594 et
731 559 871 594 hiantia
891 559 1006 606 ruptis

192 608 292 644 Ossa
311 610 432 657 genis,
451 609 581 658 plenos
600 610 794 646 oculorum
815 609 1000 658 sanguine
1018 622 1173 658 pugnos,

193 660 343 696 Ludere
363 674 402 697 se
422 662 582 697 credunt
603 662 670 709 ipsi
692 670 831 706 tamen,
852 669 887 697 et
907 661 1067 709 pueriles

193 710 380 748 Exercere
401 713 516 758 acies,
534 711 633 760 quod
655 713 759 749 nulla
779 714 960 748 cadavera
979 712 1139 748 calcent.

193 762 242 799 Et
261 762 352 799 sanc}
373 762 446 812 quo
466 772 519 800 tot
538 765 692 800 rixantis
713 764 828 800 millia
849 764 979 809 turbae,

194 815 235 850 Si
256 816 382 852 vivunt
400 817 557 851 omnes?
603 815 704 864 Ergo
725 816 845 855 acrior
867 816 1040 863 impetus,
1059 814 1190 863 etjam

194 867 293 902 Sa-xa
313 867 502 903 inclinatis
520 880 584 916 per
606 868 759 903 humum
781 867 933 915 quaesita
954 866 1102 903 lacertis

193 917 388 966 Incipiunt
407 926 590 966 torquere,
611 919 814 955 domestica
835 918 1004 954 seditioni

192 969 306 1013 Tela;
337 983 408 1006 nec
429 971 529 1006 hunc
548 971 722 1019 lapidem,
737 971 864 1018 quales
883 978 920 1006 et
939 970 1107 1015 Turnus,
1126 976 1163 1006 et
1183 969 1293 1018 AjaX,

193 1021 263 1057 Vel
284 1034 357 1069 quo
378 1021 547 1070 Tydides
567 1023 751 1070 percussit
770 1022 933 1070 pondere
954 1034 1083 1057 coxam

193 1073 348 1117 AEneae3
379 1074 443 1109 sed
464 1086 573 1121 quem
592 1074 738 1110 valeant
758 1072 928 1109 emittere
949 1074 1100 1117 dextrae,

192 1124 271 1160 Illis
291 1125 490 1161 dissimiles
509 1132 546 1161 et
566 1134 690 1162 nostro
710 1133 874 1173 tempore
895 1132 1001 1160 natae.

191 1176 292 1212 Nam
311 1189 431 1224 genus
451 1177 521 1213 hoc
541 1177 620 1213 vivo
636 1177 714 1225 jam
733 1177 974 1213 decrescebat
995 1175 1171 1212 Homero.

191 1227 314 1264 Terra
333 1228 449 1264 maios
468 1228 638 1265 homines
658 1242 758 1265 nunc
778 1229 913 1264 educat
932 1236 1041 1275 atque
1061 1227 1224 1276 pusillos.

191 1278 293 1328 Ergo
314 1281 417 1324 deus,
438 1281 652 1328 quicunque
672 1281 853 1329 adspexit,
875 1280 982 1325 ridet,
1003 1288 1039 1316 ct
1058 1279 1147 1315 odit.

245 1331 516 1368 Adeverticulo
536 1341 722 1381 repetatur
744 1332 879 1368 fabula.
936 1332 1136 1379 Postquam

191 1383 378 1419 Subsidiis
397 1385 513 1429 aucti,
530 1397 643 1432 pars
634 1384 749 1421 altera
768 1397 938 1432 promere
959 1384 1095 1419 serrum

191 1436 333 1481 Audet,
353 1444 390 1472 et
412 1436 553 1472 infestis
573 1449 738 1485 pugnam
759 1437 965 1472 instaur-ire
986 1435 1150 1484 sagittis;

190 1487 227 1522 'l
231 1500 318 1536 erga
340 1488 435 1536 fugae
457 1488 569 1524 celeri
590 1488 851 1536 praestantibus
872 1488 1047 1523 omnibus
1068 1487 1218 1532 instant,

188 1538 269 1577 Qui
272 1521 414 1576 OC’vicina
430 1540 560 1576 colunt
582 1541 762 1577 umbrosae
783 1539 952 1586 Ten'yra
971 1539 1114 1587 palmae.

194 1590 346 1627 Labitur
368 1592 454 1627 hinc
473 1592 637 1639 quidam,
660 1592 775 1628 nimia
797 1591 993 1627 formiiline
1015 1602 1166 1626 cursum

191 1642 444 1690 praecipitans,
466 1645 684 1692 capiturque
702 1657 709 1679 :
739 1651 795 1679 ast
814 1643 917 1679 illum
938 1643 975 1678 in
996 1642 1154 1691 plurima
1173 1649 1317 1677 sectum

190 1693 323 1730 Frusta
340 1705 373 1731 et
396 1696 606 1743 particulas,
630 1703 669 1731 ut
688 1696 814 1730 multis
834 1702 1000 1730 mortuus
1023 1706 1120 1729 unus

189 1746 400 1789 Sufficeret,
422 1756 539 1784 totum
560 1747 718 1783 corrosis
738 1747 884 1783 ossibus
902 1747 979 1782 edit
1002 1755 1023 1762 ’·

190 1797 332 1834 Victrix
355 1800 481 1835 turba:
513 1811 585 1835 nec
606 1799 753 1835 ardenti
778 1799 924 1834 decoxit
943 1800 1051 1841 aeuo,

188 1851 267 1885 Aut
289 1852 467 1889 verubus;
498 1851 649 1898 longum
672 1863 787 1898 usque
807 1849 900 1886 adeo
922 1849 1140 1896 tardumque
1159 1848 1300 1897 putavit

188 1900 416 1950 Exspectare
439 1903 549 1944 thoos,
571 1911 746 1938 contenta
767 1903 946 1938 cadavere
966 1901 1094 1936 crudo.

188 1952 279 1999 Hic,
300 1955 464 2002 gaudere
484 1955 585 1998 libet,
606 1953 706 2002 quod
728 1967 802 1990 non
823 1953 1013 1990 violaverit
1033 1953 1172 2001 ignem,

185 2003 314 2043 Quem
336 2008 481 2042 summa
502 2007 584 2042 coeli
609 2014 751 2054 raptum
773 2007 818 2041 de
838 2013 941 2054 parte
962 2004 1206 2040 Prometheus

188 2056 350 2093 Donavit
370 2060 486 2094 terris.
546 2058 742 2094 Elemento
761 2058 939 2106 gratulor,
961 2063 998 2092 et
1017 2064 1052 2092 te

188 2106 387 2145 Exsultare
409 2123 498 2145 reor.
557 2110 631 2145 Sed
652 2111 713 2157 qui
736 2110 903 2145 mordere
924 2109 1081 2144 cadaver

188 2162 389 2206 Sustinuit,
410 2162 459 2197 nil
483 2174 645 2208 unquam
669 2162 739 2197 hae
760 2173 872 2197 carne
894 2158 1072 2196 libentius
1093 2159 1181 2195 edit.

188 2214 289 2251 Nam
310 2213 450 2250 scelere
472 2215 508 2250 in
530 2222 632 2249 tanto
655 2226 701 2249 ne
721 2225 877 2260 quaeram,
898 2220 933 2248 et
953 2211 1113 2255 dubiteS,
1135 2223 1182 2247 an

188 2266 315 2302 Prima
336 2265 559 2314 voluptatem
581 2265 666 2313 gula
689 2265 856 2300 senserit.
913 2263 1076 2300 Ultimus
1096 2271 1233 2308 autem,

186 2318 266 2357 Qui
288 2318 388 2353 Stetit
409 2318 604 2364 absumpto
620 2319 694 2364 jam
717 2326 792 2353 toto
812 2328 979 2364 corpore,
999 2315 1123 2350 ductis

188 2369 260 2406 Per
281 2377 414 2405 terram
436 2369 574 2417 digitis,
595 2369 730 2416 aliquid
753 2369 799 2404 de
821 2367 1003 2415 sanguine
1022 2374 1156 2415 gustat.

188 2422 395 2465 Vascones,
417 2422 497 2457 lia-c
519 2421 614 2456 sarua
630 2430 697 2463 est,
719 2421 904 2456 alimentis
924 2419 1059 2454 talibus
1078 2418 1166 2454 olim

189 2472 403 2509 Produxore
421 2473 587 2509 animas:
617 2473 681 2508 sed
705 2486 760 2508 res
781 2472 938 2515 diversa,
959 2471 1023 2506 scd
1046 2469 1121 2506 illic

1450 712 1503 748 60

1452 1227 1504 1264 70

1449 1486 1501 1522 75

1449 1744 1501 1780 80
