1596 2779
166 147 216 183 98
614 145 651 174 A.
679 144 825 174 PERSII
851 144 1013 175 FLACCI

166 239 390 287 Surgentem
411 237 540 274 dextro
561 239 774 274 monstravit
794 238 910 274 limite
930 238 1074 274 callem.

166 291 299 327 Stertis
319 290 466 325 adhuc?
496 289 693 336 laxumque
714 297 825 337 caput
840 302 1020 338 compage
1039 289 1159 326 soluta

165 341 313 378 Oscitat
333 342 561 386 hesternum,
582 341 734 377 dissutis
750 342 915 389 undique
935 342 1068 377 malis?

167 394 234 430 Est
253 393 392 441 aliquid
411 392 485 440 quo
506 393 640 438 tendis,
659 401 696 429 et
717 393 753 429 in
773 394 869 441 quod
890 394 1019 442 dirigis
1039 394 1195 429 arcum?

167 446 229 482 An
250 445 384 493 passim
406 445 570 492 sequeris
590 457 719 481 corvos
739 446 907 492 testaque
927 446 1090 493 lutoque,

167 498 333 534 Securus
351 494 424 543 quo
445 509 509 544 pes
530 496 633 541 ferat,
654 504 761 544 atque
780 509 826 532 ex
845 505 1009 545 tempore
1030 496 1145 533 vivis?

220 549 463 584 Helleborum
486 547 632 593 frustra,
653 561 765 595 quum
782 548 857 596 jam
878 549 975 585 cutis
995 561 1093 597 aegra
1112 548 1282 593 tumebit,

168 600 370 638 Poscentes
391 600 537 636 videas:
567 601 728 636 venienti
750 601 936 636 occurrite
953 601 1090 637 morbo.

167 652 216 688 Et
234 653 322 700 quid
337 665 429 710 opus
445 652 599 688 Cratero
621 665 776 700 magnos
794 653 1006 709 promittere
1027 653 1196 689 montes?

168 703 313 740 Discite
348 705 382 740 io
415 704 552 749 miseri,
573 711 609 740 et
628 717 761 740 causas
782 704 996 761 cognoscite
1012 705 1154 739 rerum!

166 756 272 796 Quid
294 769 433 801 sumus,
453 764 491 791 et
509 755 686 803 quidnam
708 756 838 791 victuri
858 755 1071 804 gignimur?
1099 756 1190 792 ordo

166 807 267 847 Quis
284 808 404 853 datus,
426 815 489 843 aut
509 816 615 843 metae
635 820 745 854 quarn
767 807 886 843 mollis
906 806 1034 852 flexus,
1054 815 1090 843 et
1110 808 1236 844 unde?

167 859 267 899 Quis
288 861 420 896 modus
440 860 624 907 argento?
652 860 742 906 quid
764 859 817 895 sas
836 860 990 907 optare?
1018 860 1106 907 quid
1129 872 1234 907 asper

168 911 267 952 Utile
288 924 464 948 nummus
485 911 623 947 habet?
658 912 784 958 patriae
807 912 976 958 carisque
996 912 1210 959 propinquis

167 962 366 1003 Quantum
388 964 536 1012 elargiri
556 964 716 999 deceat?
745 975 853 1010 quem
874 971 909 999 te
929 963 1021 998 deus
1041 976 1123 999 esse

169 1016 299 1061 jussit,
319 1024 356 1051 et
376 1015 540 1051 humana
560 1016 632 1062 qua
655 1022 756 1062 parte
776 1015 918 1051 locatus
934 1027 973 1050 es
993 1015 1030 1050 in
1051 1015 1116 1051 re?

169 1067 306 1103 Disce:
335 1079 406 1103 nec
426 1067 606 1111 invideas,
625 1065 723 1113 quod
745 1066 860 1102 multa
880 1066 1003 1102 fidelia
1021 1074 1125 1114 putet

170 1119 214 1155 In
236 1119 420 1167 locuplete
440 1130 553 1166 penu,
574 1118 736 1153 defensis
755 1118 957 1165 pinguibus
977 1117 1141 1163 Umbris,

170 1171 218 1207 Et
237 1172 353 1219 piper,
373 1178 410 1206 et
424 1182 563 1218 pernae,
585 1169 699 1205 Marsi
721 1177 963 1205 monumenta
982 1169 1142 1215 clientis,

172 1223 370 1270 Maenaque
390 1220 490 1270 quod
511 1222 630 1269 prima
649 1221 815 1257 nondum
837 1221 1015 1257 defecerit
1032 1233 1132 1258 orca.

224 1275 300 1310 Hic
321 1275 453 1322 aliquis
473 1274 518 1309 de
538 1281 650 1322 gente
671 1273 816 1309 hircosa
837 1273 1101 1309 centurionum

170 1323 296 1372 Dicat,
316 1327 432 1365 Quod
452 1324 540 1362 satis
559 1332 627 1370 est,
648 1325 749 1373 sapio
770 1321 883 1360 mihi:
914 1337 987 1360 non
1008 1337 1078 1373 ego
1097 1336 1187 1360 curo

172 1379 276 1423 Esse,
298 1379 394 1426 quod
417 1377 606 1413 Arcesilas
628 1377 898 1424 aerumnosique
919 1376 1088 1422 Solones,

170 1410 330 1478 Obstipo
349 1429 483 1478 capite,
501 1437 537 1466 et
556 1429 714 1477 figentes
733 1428 872 1464 lumine
891 1436 1040 1473 terram,

172 1482 368 1518 Murmura
386 1494 501 1529 quum
521 1493 649 1516 secum
668 1487 705 1516 et
723 1480 869 1516 rabiosa
888 1480 1034 1516 silentia
1053 1480 1201 1525 rodunt,

173 1535 298 1582 Atque
319 1541 536 1581 exporrecto
557 1533 782 1568 trutinantur
803 1533 914 1568 verba
933 1532 1079 1577 labello,

172 1586 320 1635 AEgroti
341 1585 474 1621 veteris
494 1585 716 1621 meditantes
735 1584 893 1629 somnia,
913 1584 1016 1632 gigni

173 1620 246 1674 Deo
252 1637 367 1673 nihilo
387 1637 492 1682 nihil,
512 1637 549 1672 in
570 1636 729 1672 nihilum
750 1636 801 1672 nil
822 1648 928 1684 posse
948 1635 1091 1671 reverti.

175 1690 260 1726 Hoc
280 1697 347 1734 est,
369 1687 470 1736 quod
490 1688 604 1736 palles
620 1689 633 1723 ’ἶ
663 1700 729 1723 cur
748 1688 830 1734 quis
851 1700 925 1724 non
946 1688 1138 1744 prandeat,
1159 1686 1230 1723 hoc
1249 1686 1331 1722 est?

174 1743 246 1778 l-lis
264 1741 422 1790 populus
442 1741 555 1776 ridet:
586 1738 816 1788 inultumque
835 1741 956 1775 torosa
972 1739 1147 1787 juventus

178 1793 389 1842 [ngeininat
408 1792 584 1829 tremulos
605 1804 694 1827 naso
715 1793 901 1839 crispante
922 1790 1136 1826 cachinnos.

227 1845 402 1892 Inspice:
431 1844 560 1880 nescio
578 1843 664 1894 quid
685 1844 843 1892 trepidat
864 1843 954 1878 mihi
974 1850 1117 1890 pectus,
1138 1849 1175 1877 et
1195 1840 1302 1889 aegris

178 1896 367 1933 Faucibus
387 1902 623 1952 exsuperat2³
604 1895 723 1931 arax-is
739 1895 895 1932 halitus.
925 1894 1082 1942 inspice,
1103 1894 1224 1938 sodes,

175 1948 254 1989 Qui
276 1948 367 1984 dicit
387 1947 576 1994 medico,
564 1960 690 1995 Jussus
710 1947 955 1995 requiescere,
972 1953 1164 1994 postquam

174 2000 308 2037 Tertia
328 1999 552 2047 compositas
573 1999 662 2035 vidit
681 2011 754 2035 nox
773 2011 922 2035 currere
943 2010 1069 2043 venas,

177 2053 235 2091 De
255 2052 392 2100 majore
414 2052 524 2087 domo
544 2049 690 2087 modice
711 2051 859 2087 sitiente
878 2049 1026 2098 lagena,

178 2104 210 2140 Ι
212 2105 297 2141 <nia
317 2105 435 2140 loturo
455 2103 525 2139 sibi
546 2103 766 2139 Surrentina
787 2102 938 2151 rogavit.

179 2157 286 2194 IIeus
306 2156 415 2200 bone,
435 2162 474 2190 tu
495 2155 620 2203 palles
677 2154 806 2191 ‘Nihil
826 2155 904 2190 est.¹
961 2152 1102 2189 Videas
1114 2159 1239 2188 tamen
1260 2150 1372 2196 istud,

177 2207 398 2263 Quicquid
394 2207 428 2243 id
449 2214 528 2242 est:
558 2207 675 2255 surgit
696 2205 807 2243 tacite
828 2206 893 2242 tibi
913 2205 1013 2241 lutea
1031 2203 1146 2253 pellis.

179 2263 188 2280 ‘
206 2262 255 2296 At
275 2267 314 2296 tu
335 2251 498 2295 deterius
517 2259 653 2307 palles:
684 2272 731 2295 ne
751 2259 801 2294 sis
821 2258 911 2294 mihi
931 2264 1050 2293 tutor:

180 2312 266 2349 Jam
287 2311 428 2360 pridem
450 2311 551 2346 hunc
571 2310 707 2359 sepeli:
738 2319 777 2347 tu
798 2310 935 2347 restas!
993 2308 1125 2356 Perge,
1145 2306 1278 2343 tacebo

181 2363 218 2401 'l'
221 2365 376 2412 urgidus
396 2363 458 2398 hic
476 2362 608 2411 epulis,
630 2371 737 2410 atque
760 2362 843 2399 albo
862 2368 1000 2406 ventre,
1020 2360 1077 2396 lav
1081 2366 1176 2405 atur,

181 2416 341 2452 Gutture
361 2414 544 2451 sulfureas
562 2413 662 2451 lente
683 2415 879 2451 exhalante
899 2412 1092 2461 mephites.

183 2468 259 2504 Sed
278 2475 415 2504 tremor
436 2467 531 2504 inter
552 2466 636 2503 vina
652 2467 763 2512 subit,
783 2466 1020 2513 calidumque
1039 2462 1184 2500 triental

1426 1943 1478 1979 90

1427 2201 1480 2238 95

1413 2459 1483 2496 100
