1596 2779
649 149 810 180 SATIRA
836 150 897 181 XI.

126 241 276 280 AEmula
296 241 445 280 Picenis
465 250 501 280 et
518 242 641 280 odoris
662 242 756 279 mala
778 243 950 289 recentis,

125 294 209 331 Nec
231 295 429 331 metuenda
449 295 526 340 tibi,
547 295 727 330 siccatum
749 294 883 342 frigore
903 302 1093 343 postquam

126 346 360 382 Autumnum
381 353 417 381 et
436 347 541 381 crudi
562 345 718 393 posuere
739 346 903 393 pericula
923 346 1037 382 succi.

127 397 221 433 Haec
240 397 329 433 olim
351 397 463 433 nostri
480 397 556 444 jam
577 396 765 432 luxuriosa
784 397 936 433 senatus

125 448 244 484 Coena
267 449 343 484 suit.
399 448 553 492 Curius,
573 460 684 495 parvo
703 460 784 493 quae
803 448 943 496 legerat
963 449 1082 494 horto,

126 498 211 547 Ipse
229 499 319 535 focis
339 499 510 534 brevibus
530 499 688 547 ponebat
708 499 887 545 oluscula,
908 512 989 547 quae
1009 512 1112 536 nunc

126 550 325 598 Squalidus
345 550 381 585 in
403 550 539 598 magna
556 549 694 585 fastidit
713 551 893 598 compede
911 551 1039 596 fossor,

123 601 204 640 Qui
226 601 406 646 meminit,
426 601 556 637 calidae
578 601 694 648 sapiat
712 601 799 648 quid
820 602 928 637 vulva
946 603 1102 650 popinae.

125 652 226 688 Sicci
247 660 349 700 terga
369 653 457 698 suis,
477 653 559 688 rara
579 652 780 700 pendentia
799 660 912 698 crate,

126 703 241 739 Moris
261 711 338 739 erat
356 704 541 751 quondam
563 704 664 739 festis
684 716 829 739 servare
846 704 990 750 diebus,

125 754 173 791 Et
193 755 398 790 natalitium
419 755 587 803 cognatis
606 767 744 802 ponere
764 755 921 801 lardum,

126 807 344 842 Accedente
364 807 471 851 nova,
494 807 522 842 si
542 818 652 853 quarn
674 806 784 842 dabat
805 807 935 851 hostia,
956 819 1080 843 carne.

123 857 377 905 Cognatorum
398 857 540 904 aliquis,
561 858 668 892 titulo
687 864 741 892 ter
760 858 936 902 consulis,
957 866 1065 906 atque

124 908 341 944 Castrorum
359 908 522 956 imperiis
542 916 579 944 et
598 909 787 944 dictatoris
808 910 946 944 honore

124 959 306 1006 Functus,
326 960 370 995 ad
393 960 458 995 has
473 960 601 1008 epulas
616 960 722 995 solito
742 959 923 996 maturius
943 961 1030 1006 ibat,

123 1010 300 1047 Erectum
319 1011 458 1047 domito
475 1012 637 1047 reserens
657 1024 677 1046 a
693 1019 818 1048 monte
837 1012 1011 1059 ligonem.

121 1062 255 1101 Quum
275 1070 475 1098 tremerent
495 1070 618 1098 autem
641 1062 790 1108 Fabios,
811 1063 1018 1110 durumque
1039 1064 1236 1109 Catonem,

122 1112 171 1150 Et
190 1115 362 1159 Scauros,
378 1121 415 1150 et
435 1113 638 1159 Fabricios,
653 1113 838 1161 postremo
859 1127 1005 1151 severos

124 1164 302 1201 Censoris
322 1178 443 1201 mores
462 1166 572 1198 etiam
594 1165 738 1210 collega
759 1167 924 1206 timeret3

122 1213 246 1250 Nemo
264 1214 359 1250 inter
379 1226 487 1249 curas
506 1221 543 1250 et
561 1214 656 1249 seria
676 1214 780 1250 duxit
800 1214 1014 1251 habendum

121 1265 258 1304 Qualis
277 1266 314 1301 in
334 1266 467 1302 oceani
483 1265 597 1301 fluctu
619 1266 765 1302 testudo
784 1273 940 1311 nataret,

122 1316 276 1353 Clarum
296 1317 524 1366 Trojugenis
544 1317 685 1352 factura
705 1330 748 1352 ac
768 1317 890 1353 nobile
912 1318 1091 1354 fulcrum:

122 1368 197 1405 Sed
218 1370 318 1405 nudo
338 1369 450 1405 latere
470 1376 507 1404 et
525 1369 645 1416 parvis
662 1368 761 1404 frons
781 1381 877 1404 aerea
895 1368 1001 1405 lectis

125 1420 207 1456 Vile
226 1421 390 1457 coronati
411 1428 523 1468 caput
540 1419 761 1456 ostendebat
782 1420 897 1465 aselli,

122 1472 183 1507 Ad
203 1473 299 1520 quod
320 1472 447 1508 lascivi
468 1472 645 1507 ludebant
665 1472 758 1506 ruris
778 1471 929 1508 alumni.

121 1522 236 1559 Tales
255 1522 343 1572 ergo
364 1524 451 1568 cibi,
470 1523 587 1571 qualis
607 1523 738 1558 domus
758 1531 867 1570 atque
891 1524 1067 1571 supellex.

121 1574 235 1611 Tunc
254 1575 356 1611 rudis
375 1583 411 1611 et
429 1575 560 1610 Graias
581 1574 703 1610 mirari
723 1576 872 1610 nescius
892 1582 1000 1620 artes

120 1625 284 1662 Urbibus
303 1627 452 1671 eversis,
473 1626 679 1674 praedarum
701 1626 738 1661 in
759 1634 861 1673 parte
882 1626 1026 1674 reperta

121 1676 344 1726 Magnorum
365 1677 548 1714 artificum
569 1677 761 1725 frangebat
780 1678 912 1725 pocula
933 1678 1049 1724 miles,

120 1727 170 1764 Ut
188 1729 349 1777 phaleris
368 1729 547 1778 gauderet
565 1741 693 1776 equus,
714 1729 916 1777 caelataque
936 1731 1050 1766 cassis

120 1779 316 1816 Romuleae
337 1781 536 1817 simulacra
556 1780 641 1816 ferae
663 1793 925 1817 mansuescere
939 1781 1050 1829 jussae

119 1832 271 1880 Imperii
291 1833 377 1878 fato,
398 1832 567 1881 geminos
586 1832 655 1867 sub
675 1845 765 1880 rupe
785 1832 980 1877 Quirinos,

119 1884 179 1920 Ac
199 1885 336 1919 nudam
357 1884 518 1931 effigiem
538 1884 668 1931 clypeo
688 1884 869 1919 venientis
888 1891 925 1919 et
946 1884 1050 1919 hasta

120 1935 394 1983 Pendentisque
415 1936 487 1980 dei,
508 1935 669 1982 perituro
687 1935 902 1970 ostenderet
922 1936 1030 1970 hosti.

120 1987 279 2035 Argenti
295 1987 389 2034 quod
411 1994 502 2030 erat,
522 1986 608 2022 solis
629 1986 793 2033 fulgebat
813 1986 849 2021 in
871 1987 995 2022 armis.

119 2037 314 2074 Ponebant
330 2038 441 2086 igitur
463 2037 592 2073 Tusco
612 2037 746 2073 farrata
765 2038 890 2074 catino

118 2089 257 2125 Omnia
276 2096 379 2135 tunc,
399 2089 531 2136 quibus
552 2088 728 2134 invideas,
750 2088 780 2124 si
800 2089 972 2125 lividulus
992 2090 1051 2125 sis.

119 2140 363 2188 Templorum
383 2152 528 2188 quoque
545 2140 716 2188 majestas
735 2141 962 2188 praesentior,
978 2148 1014 2176 et
1034 2153 1102 2177 vox

119 2191 240 2228 Nocte
262 2190 337 2227 fere
358 2192 494 2237 media,
514 2192 748 2238 mediamque
768 2192 895 2227 audita
913 2205 978 2240 per
1000 2192 1151 2238 Urbem,

119 2242 259 2279 Littore
281 2244 327 2279 ab
346 2242 492 2279 Oceani
507 2243 624 2278 Gallis
645 2243 891 2289 venientibus,
912 2251 949 2280 et
964 2243 1022 2279 dis

118 2294 297 2331 Officium
317 2295 409 2330 vatis
428 2294 705 2343 peragentibuS‚
727 2295 783 2330 his
803 2295 947 2331 monuit
967 2308 1046 2331 nos.

119 2345 231 2382 Hanc
251 2346 361 2382 rebus
382 2345 497 2382 Latiis
516 2358 643 2381 curam
665 2353 836 2394 proestare
857 2346 998 2382 solebat

119 2396 263 2434 Fictilis
282 2405 319 2434 et
338 2397 439 2433 nullo
459 2397 613 2433 violatus
629 2397 776 2445 Jupiter
796 2410 896 2434 auro.

120 2447 190 2485 Illa
208 2449 306 2486 domi
327 2456 432 2485 natas
452 2449 650 2496 nostraque
670 2461 716 2485 ex
734 2449 863 2486 arbore
883 2461 1032 2485 mensas

1371 1064 1422 1100 90

1368 1319 1420 1356 95

1347 1577 1419 1613 100

1346 1835 1417 1871 105

1342 2091 1416 2127 110

1342 2347 1414 2383 115
