1596 2779
169 167 220 203 62
585 167 624 197 D.
648 167 775 198 JUNII
800 167 1058 198 JUVENALIS

170 259 262 295 Esse
281 260 390 296 velis:
421 272 492 296 nec
511 260 611 296 enim
632 260 784 296 loricam
805 262 924 309 poscit
945 261 1105 297 Achillis

169 310 379 357 Thersites,
396 312 433 347 iu
453 312 527 359 qua
548 325 586 347 se
607 313 873 349 transducebat
890 313 1028 348 Ulixes.

169 362 386 410 Ancipitem
409 376 474 398 seu
495 370 533 398 tu
555 376 691 411 magno
710 364 925 400 discrimine
945 376 1096 400 causam

170 413 368 461 Protegere
389 414 561 458 affectas余
592 422 627 450 te
647 415 814 461 consule,
835 416 896 452 dic
916 416 995 461 tibi,
1015 417 1077 463 qui
1097 415 1159 461 sis,

167 464 303 502 Orator
324 466 540 510 vehemens,
561 479 607 501 an
628 466 781 502 Curtius
800 474 836 502 et
856 466 988 503 Matho
1008 468 1148 503 buccae.

168 516 373 553 Noscenda
392 525 448 552 est
468 530 643 553 mensura
663 517 733 563 sui,
754 519 1031 566 spectandaque
1048 519 1159 555 rebus

168 566 213 603 ln
234 569 389 604 suminis
405 569 664 617 minimisque3
694 570 805 605 etiam
827 583 939 617 quum
962 571 1073 618 piscis
1092 577 1250 615 emetur,

167 619 227 655 Ne
248 620 402 655 mullum
424 621 566 668 cupiaS,
587 634 699 668 quum
721 621 767 657 sit
787 622 852 657 tibi
871 622 982 669 gobio
1002 620 1147 658 tantum

167 670 211 707 In
232 672 376 708 loculis.
431 672 531 710 Quis
551 673 651 708 enim
672 681 721 717 te,
744 673 941 709 deficiente
961 674 1156 719 crumena,

167 722 215 758 Et
235 731 427 759 crescente
447 724 549 772 gula,
572 732 696 760 manet
715 725 857 769 exitus3
888 739 959 761 mre
979 734 1133 773 paterno

167 774 226 810 Ac
248 775 359 810 rebus
380 776 509 810 mersis
530 776 565 811 in
587 784 768 820 ventrem,
790 777 940 812 foenoris
960 785 1069 824 atque

167 827 327 874 Argenti
347 827 481 875 gravis,
497 834 533 862 et
553 840 743 875 pecorum,
764 840 1009 876 agrorumque
1031 828 1235 876 capacem?

165 876 325 913 Talibus
346 891 366 913 a
386 879 547 914 dominis
568 887 646 921 post
666 889 803 914 cuncta
824 880 1044 915 novissimus
1064 880 1139 916 exit

165 930 357 975 Annulus,
377 937 414 966 et
433 931 549 978 digito
570 931 757 966 mendicat
780 931 895 966 Pollio
915 932 1026 967 nudo.

166 981 253 1018 Non
276 983 487 1029 praematuri
507 982 667 1027 cineres,
688 995 758 1018 nec
780 983 890 1018 funus
911 983 1086 1018 acerbum

166 1033 363 1075 Luxuriae余
394 1034 457 1069 sed
481 1042 596 1069 morte
616 1032 735 1081 inagis
751 1035 952 1070 metuenda
971 1042 1156 1070 senectus.

166 1085 217 1120 Hi
239 1083 456 1132 plerumque
476 1086 634 1133 gradus:
664 1086 851 1121 conducta
870 1086 1032 1133 pecunia
1052 1086 1186 1122 Romae

166 1135 214 1172 Et
234 1149 358 1172 coram
380 1137 541 1172 dominis
562 1137 816 1173 consumitur:
848 1137 935 1172 inde
959 1137 1020 1172 ubi
1041 1136 1210 1185 paulum,

166 1188 307 1224 Nescio
326 1189 427 1236 quid,
447 1198 628 1236 superest,
649 1197 685 1225 et
704 1189 815 1236 pallet
836 1189 985 1225 foenoris
1005 1198 1147 1234 auctor,

163 1239 245 1279 Qui
266 1240 409 1276 vertere
425 1241 559 1286 solum,
579 1241 690 1276 Baias
710 1248 746 1276 et
766 1242 811 1276 ad
830 1249 951 1277 ostrea
972 1249 1137 1277 currunt.

164 1292 312 1328 Cedere
333 1305 493 1339 namque
515 1293 591 1332 soro
608 1293 684 1340 jam
706 1306 780 1329 non
801 1300 856 1328 est
872 1293 1049 1339 deterius,
1069 1291 1182 1341 quam

165 1343 353 1392 Esquilias
373 1357 393 1380 a
414 1344 567 1380 ferventi
589 1345 747 1392 migrare
769 1345 929 1380 Subura.

164 1395 233 1431 Ille
253 1396 356 1432 dolor
376 1397 477 1432 solus
497 1396 651 1444 patriam
674 1397 917 1444 fugientibus,
938 1396 999 1433 illa

165 1447 345 1484 Moestitia
366 1456 434 1493 est,
455 1448 620 1484 caruisse
640 1462 739 1484 anno
760 1449 1003 1484 Circensibus
1024 1461 1110 1484 uno.

165 1499 370 1547 Sanguinis
390 1500 427 1536 in
449 1500 543 1536 facie
565 1513 639 1536 non
662 1501 775 1536 haeret
794 1508 918 1548 gutta:
949 1508 1141 1536 morantur

165 1551 280 1588 Pauci
301 1552 500 1587 ridiculum
521 1552 761 1600 effugientem
782 1565 825 1588 ex
850 1552 947 1588 Urbe
963 1553 1155 1600 pudorem.

217 1603 421 1651 Experiere
442 1604 565 1649 hodie,
586 1604 754 1651 nunquid
775 1604 1024 1652 pulcherrima
1044 1604 1160 1649 dictu,

164 1655 328 1701 Persice,
346 1669 419 1692 non
440 1664 611 1703 praestem
634 1657 706 1691 vita
726 1656 781 1691 vel
803 1657 967 1692 moribus
987 1664 1023 1692 et
1043 1669 1102 1699 re余

164 1708 239 1744 Sed
260 1707 410 1743 laudem
429 1707 580 1755 siliquas
600 1707 770 1743 occultus
789 1720 909 1755 ganeo
926 1720 934 1750 3
964 1708 1085 1755 pultes

163 1759 300 1796 Coram
323 1760 404 1795 aliis
420 1759 558 1795 dictem
579 1772 708 1807 puero,
729 1760 794 1795 sed
817 1759 853 1795 in
875 1772 962 1795 aure
983 1760 1176 1808 placentas

164 1811 278 1858 Nam,
299 1823 413 1859 quum
435 1811 484 1847 sis
503 1811 658 1847 conviva
679 1811 768 1847 mihi
789 1811 1004 1859 promissus,
1025 1810 1180 1847 habebis

164 1863 395 1908 Evandrum,
417 1863 543 1899 venies
563 1862 799 1910 Tirynthius,
819 1870 881 1898 aut
902 1863 1021 1899 minor
1042 1863 1103 1899 illo

164 1915 326 1964 Hospes,
346 1922 382 1951 et
402 1915 481 1963 ipse
501 1922 626 1950 tamen
647 1915 871 1963 contingens
891 1915 1075 1963 sanguine
1096 1914 1233 1950 coelum
1251 1935 1252 1939 =

164 1967 270 2004 Alter
291 1967 408 2015 aquis,
428 1967 518 2003 alter
540 1966 699 2003 flammis
719 1968 765 2003 ad
786 1967 908 2003 sidera
928 1967 1075 2002 missus.

163 2018 326 2055 Fercula
345 2032 446 2054 nunc
467 2019 553 2054 audi
575 2019 686 2054 nullis
705 2026 835 2055 ornata
855 2019 1031 2055 macellis.

162 2070 221 2107 De
242 2071 445 2107 Tiburtino
465 2071 588 2106 veniet
607 2070 875 2118 pinguissimus
896 2083 985 2118 agro

162 2122 359 2168 Haedulus,
380 2131 416 2158 et
436 2130 511 2158 toto
530 2135 643 2170 grege
666 2123 821 2166 mollior,
843 2122 982 2158 inscius
1004 2122 1141 2167 herbae,

162 2173 340 2211 Necdum
361 2187 472 2210 ausus
492 2174 613 2222 virgas
634 2175 784 2210 humilis
805 2175 974 2210 mordere
994 2174 1127 2218 salicti,

160 2225 241 2266 Qui
262 2227 343 2275 plus
362 2227 468 2263 lactis
488 2227 611 2271 habet,
631 2225 743 2273 quani
764 2227 978 2274 sanguinis余
1009 2233 1046 2262 et
1066 2224 1232 2262 montani

162 2279 361 2327 Asparagi,
382 2278 501 2326 posito
520 2291 611 2325 quos
630 2278 720 2325 legit
740 2278 863 2314 villica
884 2279 973 2314 fuso.

160 2330 330 2366 Grandia
350 2338 527 2379 praeterea
547 2338 715 2377 tortoque
736 2330 896 2366 calentia
917 2330 1014 2366 foeno

161 2381 244 2418 Ova
264 2383 399 2418 adsunt
417 2382 504 2430 ipsis
523 2395 609 2417 cum
632 2382 824 2426 matribus,
845 2390 881 2418 et
897 2389 1050 2418 servatae

162 2434 272 2470 Parte
293 2434 395 2479 anni,
415 2434 543 2481 quales
565 2434 710 2469 fuerant
731 2434 766 2469 111
791 2434 937 2478 vitibus,
959 2446 1039 2469 uvae
1058 2446 1065 2468 :

162 2486 366 2536 Signinum
391 2486 613 2533 Syriumque
633 2498 779 2534 pyrum,
802 2486 848 2521 de
868 2486 1043 2522 corbibus
1063 2484 1184 2520 isdem

1422 261 1474 299 30

1422 519 1473 555 35

1421 776 1473 812 40

1419 1034 1472 1071 45
