1596 2779
202 147 250 182 R!
616 144 656 174 D.
682 144 807 174 JUNII
832 142 1090 173 JL'VENALIS

203 238 420 286 Magnaque
441 237 598 273 debetur
618 237 751 273 violato
770 250 881 285 poena
901 237 1075 271 cadurco.

202 289 250 325 Et
270 291 427 325 movisse
448 298 561 336 caput
580 289 655 324 visa
674 297 730 324 est
750 296 925 335 argentea
945 298 1120 335 serpens:

201 341 307 377 Illius
328 341 502 388 lacrymae
524 340 774 386 meditataque
794 351 986 374 murmura
1006 345 1194 386 praestant,

204 392 250 428 Ut
271 392 417 428 veniam
438 391 558 427 culnae
578 404 653 427 non
676 391 830 436 abnuat,
852 403 982 425 ansere
1003 402 1140 437 magno

202 444 358 480 Scilicet
377 450 414 478 et
432 443 537 479 tenui
557 455 705 490 popano
725 421 932 490 corrliptus,
953 441 1084 476 Osiris

251 494 386 532 Quum
403 494 504 531 dedit
523 494 584 530 ille
605 494 753 537 locum;
783 493 944 541 cophino
964 493 1135 539 foenoque
1155 491 1298 538 relicto,

201 547 393 582 Arcanam
414 545 548 581 Judaea
567 553 730 581 tremens
750 544 968 580 mendicat
961 557 997 580 in
1021 556 1162 589 aurem,

201 597 391 646 Interpres
410 598 536 646 legum
557 597 808 645 Solymarum,
828 604 865 632 et
884 608 1021 644 magna
1041 595 1216 631 sacerdos

201 649 371 694 Arboris,
393 661 436 684 ac
457 649 592 684 summi
612 649 688 684 fida
713 648 945 684 internuntia
964 647 1060 683 coeli.

201 700 340 749 Implet
359 709 396 736 et
416 700 479 736 illa
498 713 665 746 manum,
686 701 750 735 sed
770 698 942 748 parcius:
973 712 1044 735 aere
1064 698 1209 734 minuto

200 752 496 799 Qualiaeunque
513 752 612 788 voles
631 751 755 787 Judaei
776 751 921 787 somnia
939 751 1117 786 vendunt.

202 804 370 852 Spondet
391 811 592 840 amatorem
612 811 797 848 tenerum,
818 802 874 838 vel
894 802 1017 838 divitis
1036 802 1116 838 orbi

201 855 489 891 Testamentum
510 856 658 903 ingens,
678 855 809 890 calidae
829 854 1004 903 pulmone
1021 852 1203 889 columbae

201 906 395 952 Tractato,
418 907 622 942 Armenius
642 907 697 942 vel
719 906 998 954 Commagenus
1018 906 1226 953 haruspex;

201 957 359 994 Pectora
378 958 564 1007 pullorum
584 958 737 994 rimatur
757 965 794 994 et
812 965 898 993 exta
916 956 1054 1002 catelli,

201 1009 398 1045 Interdum
419 1017 455 1045 et
474 1010 602 1058 pueri:
632 1010 755 1055 faciet,
776 1010 871 1056 quod
890 1009 1031 1044 deferat
1051 1009 1140 1056 ipse.

253 1061 443 1097 Chaldaeis
464 1062 528 1097 sed
549 1061 663 1109 major
682 1061 751 1097 erit
771 1061 930 1096 fiducia:
960 1059 1142 1107 quidquid

201 1112 348 1148 Dixerit
368 1113 603 1161 Astrologus‚
624 1113 778 1148 credent
799 1125 820 1147 a
839 1113 938 1148 fonte
958 1111 1116 1147 relatum

201 1164 447 1208 Hammonis3
478 1165 653 1212 quoniam
674 1163 832 1212 Delphis
850 1163 1003 1200 oracula
1022 1171 1182 1208 cessant,

200 1215 250 1265 Et
267 1229 390 1264 genus
410 1217 616 1252 humanum
636 1217 789 1252 damnat
808 1215 933 1264 caligo
954 1215 1078 1251 futuri.

200 1267 418 1316 Praecipuus
438 1275 563 1303 tamen
584 1274 640 1304 est
660 1269 805 1313 horum,
825 1267 888 1314 qui
909 1265 1045 1315 saepius
1064 1265 1184 1312 eksul,

200 1319 320 1367 Cujus
340 1319 519 1364 amicitia,
540 1320 864 1367 conducendaque
885 1318 1022 1354 tabella
1126 1315 1129 1318 ’

199 1369 367 1420 Magnus
387 1371 476 1407 civis
495 1371 585 1417 obit,
606 1378 644 1406 et
664 1371 883 1407 formidatus
902 1369 1057 1408 Othoni.

199 1422 296 1460 Inde
318 1423 410 1460 fides
430 1422 511 1468 arti,
528 1423 652 1459 sonuit
671 1423 701 1458 si
721 1423 872 1458 dextera
893 1422 988 1457 ferro

200 1476 396 1524 Laevaque,
417 1475 446 1510 si
467 1474 579 1522 longo
597 1482 802 1511 castrorum
823 1474 861 1509 in
882 1485 1031 1509 carcere
1048 1472 1194 1508 mansit.

200 1527 324 1564 Nemo
339 1526 628 1563 mathematicus
647 1526 801 1574 genium
823 1525 1062 1561 indemnatus
1082 1524 1253 1560 habebit:

202 1580 277 1615 Sed
297 1579 359 1627 qui
379 1577 487 1627 paene
508 1577 616 1626 perit,
637 1578 698 1614 cui
718 1578 777 1613 vix
797 1578 834 1613 in
855 1576 1022 1624 Cyclada
1043 1576 1137 1611 mitti

201 1631 380 1679 Contigit,
401 1638 437 1666 et
456 1629 568 1678 parva
588 1630 740 1665 tandem
760 1629 923 1664 caruisse
945 1627 1114 1676 Seripho.

201 1683 375 1719 Consulit
394 1682 556 1717 ictericae
576 1681 678 1717 lento
698 1681 744 1716 de
765 1681 893 1716 funere
915 1680 1054 1724 matris,

201 1732 304 1770 Ante
325 1741 450 1770 tamen
471 1734 516 1768 de
537 1741 586 1778 te,
606 1732 793 1780 Tanaquil
814 1739 898 1767 tua:
929 1731 1077 1779 quando
1098 1743 1262 1767 sororem

201 1785 355 1831 Efferat,
375 1792 412 1821 et
430 1792 579 1833 patruos
596 1797 604 1828 ;
635 1797 680 1820 an
702 1784 749 1820 sit
768 1784 930 1819 victurus
950 1782 1095 1818 adulter

201 1836 289 1873 Post
308 1837 425 1885 ipsam
441 1837 455 1871 'f
483 1836 571 1883 quid
592 1836 690 1872 enim
713 1836 831 1884 majus
850 1835 937 1871 dare
958 1835 1112 1870 numina
1130 1834 1314 1882 possunt?

254 1889 351 1924 Haec
370 1896 495 1924 tamen
516 1887 659 1935 ignorat
679 1887 767 1934 quid
789 1888 891 1923 sidus
911 1887 1013 1922 triste
1034 1886 1195 1922 minetur

203 1940 368 1985 Saturni,
388 1952 460 1987 quo
480 1940 564 1974 laeta
583 1939 714 1975 Venus
734 1952 773 1974 se
792 1939 952 1987 proferat
971 1945 1080 1983 astro,

201 1992 281 2031 Qui
302 1991 439 2027 mensis
460 1991 619 2036 damnis,
639 2003 721 2038 quae
742 1991 875 2026 dentur
895 1997 1061 2038 tempora
1080 1990 1194 2025 lucro.

201 2043 307 2079 Illius
327 2054 506 2078 occursus
525 2042 636 2077 etiam
658 2043 770 2077 vitare
791 2049 993 2086 memento,

202 2094 247 2130 In
268 2094 374 2142 cujus
393 2094 578 2138 manibus,
595 2097 665 2129 ceu
684 2093 839 2142 pinguia
857 2093 1025 2137 succina,
1040 2092 1144 2128 tritas

202 2146 338 2182 Cernis
356 2145 614 2193 ephemeridas
631 2157 639 2188 ;
669 2157 750 2192 quae
772 2145 915 2181 nullum
935 2143 1108 2189 consulit,
1128 2151 1164 2179 et
1179 2143 1256 2192 jam

203 2197 419 2234 Consulitur
436 2209 443 2231 ε
472 2208 568 2244 quae,
589 2204 710 2232 castra
729 2197 805 2232 viro
824 2196 1053 2244 patriamque
1073 2203 1236 2244 petente,

203 2249 292 2285 Non
314 2249 379 2284 ibit
398 2248 545 2296 pariter,
568 2248 734 2284 numeris
753 2255 923 2284 revocata
943 2247 1143 2295 Thrasylli.

203 2301 264 2336 Ad
285 2300 447 2348 primum
467 2299 627 2347 lapidem
648 2300 785 2335 vectari
805 2312 919 2346 quum
939 2299 1074 2347 placet,
1095 2299 1186 2335 hora

205 2351 372 2387 Sumitur
388 2364 434 2386 ex
454 2351 568 2386 libro:
598 2351 627 2386 si
648 2351 766 2398 prurit
787 2351 914 2387 frictus
929 2350 1037 2386 ocelli

204 2402 392 2451 Angulus,
415 2402 584 2450 inspecta
603 2402 732 2450 genesi
753 2403 905 2450 collyria
925 2402 1055 2450 poscit.

204 2453 323 2503 AEgra
342 2452 432 2490 licet
448 2454 584 2502 jaceat,
605 2453 788 2502 capiendo
807 2454 911 2491 nulla
929 2454 1075 2490 videtur

1427 440 1505 476 425

1428 697 1507 734 430

1429 955 1507 992 435

1431 1213 1509 1250 440

1430 1731 1509 1768 450

1430 1989 1508 2025 455

1431 2246 1508 2283 460
