1596 2779
178 128 227 165 18
592 126 632 155 D.
656 125 786 156 JUN11
809 125 1068 156 wrm-Ans

174 219 259 257 Nec
279 220 407 257 melior
428 220 543 266 vultu,
563 220 731 267 quamvis
751 220 937 268 ignobilis,
959 219 1035 255 ibat

174 272 356 319 Rubrius,
376 273 526 309 ossensae
549 272 680 308 veteris
701 284 784 307 reus
805 280 913 319 atque
935 272 1118 316 tacendae,

173 324 221 360 Et
240 333 364 361 tamen
386 324 585 372 improbior
607 324 758 359 satiram
778 323 965 359 scribente
986 323 1142 360 cinaedo.
1415 322 1486 360 105

173 375 345 413 Montani
365 389 510 424 quoque
533 384 659 411 venter
680 376 784 411 adest
801 375 1000 412 abdomine
1020 375 1169 420 tardus;

172 427 222 464 Et
241 429 424 465 matutino
445 428 584 463 sudans
605 428 804 476 Crispinus
825 439 984 472 amomo,

170 479 372 518 Quantum
394 481 451 515 vix
473 480 641 515 redolent
661 480 735 515 duo
756 479 908 522 funera3
939 480 1069 515 saevior
1090 479 1155 516 illo

171 531 373 581 Pompeius
394 532 496 568 tenui
514 532 663 580 jugulos
684 531 825 579 aperire
846 544 1020 575 susurro;

172 583 232 630 Et,
252 584 314 632 qui
336 584 542 620 vulturibus
561 584 730 620 servabat
751 584 892 620 viscera
912 583 1039 628 Dacis,
1414 584 1487 620 110

172 635 332 681 Fuscus,
353 637 563 672 marmorea
588 636 788 672 meditatus
808 636 936 684 proelia
954 637 1055 680 ¹villa,

171 688 220 724 Et
240 701 327 724 cum
349 689 537 725 mortifero
556 689 721 736 prudens
742 688 905 724 Veiento
927 688 1087 734 Catullo,

169 739 250 778 Qui
272 753 462 788 nunquam
483 741 568 776 visae
589 740 766 789 flagrabat
786 753 910 776 amore
930 740 1072 788 puellae‚

171 793 324 829 Grande
347 802 383 829 et
403 792 652 841 conspicuum
673 800 798 828 nostro
817 805 966 840 quoque
986 800 1151 841 tempore
1171 799 1381 828 monstrum
1398 793 1405 819 l

171 845 307 881 Caecus
327 845 507 889 adulator,
529 845 703 892 dirusque
724 858 743 880 a
765 852 876 892 ponte
896 844 1055 890 satelles,
1412 845 1485 881 115

171 897 320 946 Dignus
341 897 517 933 Aricinos
537 897 598 944 qui
620 897 852 932 mendicaret
872 897 917 932 ad
939 909 1039 942 axeS‚

171 949 391 997 Blandaque
412 950 564 985 dex-exre
581 949 738 997 jactaret
759 949 860 985 basia
881 949 1016 985 rhedae.

171 1001 296 1038 Nemo
316 1000 436 1051 magis
456 1002 653 1037 rhombum
674 1001 814 1049 stupuit
832 1014 838 1037 :
870 1014 956 1037 nam
978 1001 1135 1049 plurima
1156 1001 1249 1038 dixit

170 1053 217 1089 In
240 1054 371 1090 laevam
392 1066 594 1090 conversus
612 1066 619 1096 ;
650 1061 686 1089 at
707 1054 758 1089 illi
779 1054 907 1089 dextra
924 1053 1074 1101 jacebat

170 1106 303 1142 Bellua
322 1119 328 1141 :
359 1106 413 1142 sic
433 1119 578 1154 pugnas
599 1105 730 1141 Cilicis
750 1106 938 1150 laudabat,
959 1114 995 1141 et
1015 1105 1124 1151 ictus,
1411 1105 1484 1142 120

171 1158 219 1194 Et
239 1171 387 1207 pegma,
406 1166 443 1194 et
462 1171 596 1206 pueros
616 1157 703 1194 inde
723 1158 770 1193 ad
791 1157 928 1193 velaria
946 1165 1078 1206 raptos.

170 1210 259 1247 Non
279 1211 379 1247 cedit
399 1211 560 1247 Veiento
579 1224 585 1246 :
615 1210 694 1256 sed,
715 1218 755 1246 ut
776 1210 972 1255 fanaticus,
993 1217 1104 1246 oestro

170 1262 389 1309 Percussus,
410 1263 579 1308 Bellona,
600 1271 663 1298 tuo
682 1262 836 1308 divinat,
856 1271 905 1307 et,
923 1262 1065 1310 Ingens

169 1314 296 1351 Omen
317 1316 445 1361 habes,
467 1315 598 1364 inquit,
619 1314 745 1363 magni
766 1315 929 1363 clarique
950 1314 1146 1363 triumphi:

170 1368 319 1417 Regem
340 1368 500 1416 aliquem
521 1368 658 1417 capieS,
679 1376 742 1403 aut
762 1367 808 1403 de
828 1376 977 1403 temone
997 1367 1178 1404 Britanno
1411 1366 1483 1403 125

170 1420 332 1457 Excidet
352 1420 557 1469 Arviragus
575 1433 582 1456 :
613 1420 809 1469 peregrina
829 1428 885 1456 est
906 1419 1050 1455 bellua:
1080 1419 1203 1455 cernis

170 1472 326 1510 Erectas
347 1473 385 1509 in
406 1479 510 1521 terga
529 1473 670 1508 sudes?
727 1471 813 1508 Hoc
833 1472 951 1508 defuit
971 1484 1088 1508 unum

170 1525 357 1571 Fabricio,
377 1525 534 1574 patriam
554 1533 594 1561 ut
614 1525 758 1560 rhombi
779 1533 1014 1569 memoraret,
1034 1532 1071 1560 et
1089 1536 1219 1560 annos.

168 1577 367 1617 Quidnam
388 1579 500 1627 igitur
521 1590 654 1613 censes
673 1576 683 1612 ἲ
713 1577 925 1613 conciditur
943 1577 956 1612 ἶ
1013 1576 1125 1612 Absit
1145 1575 1191 1612 ab
1210 1574 1272 1612 illo

170 1630 347 1666 Dedecus
368 1630 451 1675 hoc,
474 1629 677 1665 Montanus
697 1629 769 1664 ait:
799 1637 893 1665 testa
913 1629 986 1664 alta
1006 1636 1167 1676 paretur,
1410 1627 1483 1664 130

168 1682 270 1722 Quae
291 1683 396 1719 tenui
416 1695 523 1719 muro
542 1682 745 1730 spatiosum
766 1681 917 1729 colligat
936 1681 1076 1717 orbem.

169 1735 338 1772 Debetur
358 1748 518 1783 magnus
538 1734 674 1783 patina}
695 1733 913 1781 subitusque
934 1732 1191 1769 Prometheus.

171 1788 356 1836 Argillam
377 1796 486 1835 atque
508 1795 623 1823 rotam
645 1783 758 1822 citius
777 1793 993 1834 properate3
1024 1785 1088 1821 sed
1109 1798 1155 1821 ex
1175 1785 1246 1821 hoc

170 1839 360 1889 Tempore
377 1840 467 1888 jam,
489 1840 629 1885 Caesar,
651 1837 752 1887 figuli
772 1846 835 1874 tua
855 1846 976 1874 castra
995 1845 1208 1885 sequantur.

170 1892 272 1929 Vicit
291 1893 406 1941 digna
425 1893 500 1928 viro
520 1893 716 1928 sententia.
773 1890 939 1927 Noverat
960 1890 1018 1926 ille
1409 1889 1483 1925 135

169 1944 374 1981 Luxuriam
395 1945 538 1993 imperii
561 1952 735 1988 veterem,
756 1951 957 1991 noctesque
978 1941 1142 1978 Neronis

170 1996 255 2033 Jam
276 1997 431 2041 medias,
453 1996 637 2044 aliamque
659 1997 808 2040 firmem,
825 2008 939 2043 quum
960 1994 1086 2043 pulmo
1107 1993 1271 2030 Falerno

170 2050 342 2086 Arderet.
401 2049 507 2085 Nulli
529 2048 642 2097 major
665 2048 731 2084 suit
753 2060 840 2082 usus
860 2047 997 2083 edendi

170 2101 413 2150 Tempestate
434 2101 528 2137 mea.
586 2101 731 2137 Circeis
752 2108 839 2136 nata
860 2099 992 2144 forent,
1013 2111 1059 2135 an

170 2154 377 2190 Lucrinum
400 2154 446 2189 ad
475 2166 620 2199 saxum,
642 2153 884 2200 Rutupinove
904 2152 1004 2187 edita
1024 2150 1140 2187 fundo
1408 2150 1482 2186 140

170 2206 319 2252 Ostrea,
339 2205 500 2242 callebat
519 2206 638 2254 primo
657 2204 891 2253 deprendere
912 2216 1058 2247 morsu;

170 2258 220 2295 Et
239 2258 354 2295 semel
375 2258 543 2307 adspecti
560 2258 662 2294 littus
682 2257 831 2293 dicebat
851 2256 988 2292 echini.

172 2311 358 2359 Surgitur,
375 2323 412 2347 ei
431 2311 543 2346 misso
562 2322 735 2358 proceres
754 2310 854 2345 exire
881 2309 1060 2357 jubentur

171 2363 352 2409 Consilio,
372 2376 465 2411 quos
487 2363 673 2399 Albanam
694 2362 770 2398 dux
791 2374 950 2410 magnus
970 2360 1008 2396 in
1031 2373 1157 2397 arcem

172 2415 358 2452 Traxerat
379 2415 566 2460 attonitos,
587 2423 623 2450 et
645 2414 819 2450 festinare
839 2421 1002 2458 coactos,
1409 2412 1480 2449 145

172 2466 373 2516 Tanquam
394 2468 440 2504 de
461 2467 581 2504 Cattis
601 2467 738 2514 aliquid
760 2466 944 2514 torvisque
966 2465 1186 2514 Sygambris
