1596 2779
634 152 796 183 SATIRA
823 151 885 182 IX.

104 248 333 288 Exsulibus'
321 261 478 298 juvenes
497 248 612 297 ipsius
631 247 820 292 Consulis,
841 254 878 282 et
897 258 990 294 quos

105 302 288 352 Magnum
303 301 441 349 aliquid
461 300 574 336 dubia
594 313 660 348 pro
681 299 849 335 libertate
869 299 1031 343 deceret,

103 355 220 394 Quod
240 354 434 390 miraretur
454 364 541 388 cum
562 351 708 387 Coclite
728 350 894 395 Mucius,
915 357 952 386 et
970 362 1053 397 quae

106 406 258 456 Imperii
278 405 371 442 fines
390 403 616 440 Tiberinum
637 403 739 451 virgo
759 402 908 438 natavit.

106 457 270 494 Occulta
290 457 336 493 ad
355 464 478 505 patres
493 455 666 504 produxit
687 455 843 490 crimina
865 465 992 489 servus

107 509 290 546 Matronis
308 508 518 557 lugendus:
549 514 584 542 at
604 507 686 543 illos
705 507 857 542 verbera
873 505 982 554 justis

106 561 289 598 Afficiunt
308 560 440 609 poeniS,
460 567 497 595 et
515 559 639 607 legum
660 559 779 606 prima
799 558 951 594 securis.

161 612 263 649 Malo
282 619 385 661 pater
405 611 471 647 tibi
492 611 538 647 sit
554 610 763 656 Thersites,
784 608 988 645 dummodo
1007 615 1047 645 tu
1063 608 1113 645 sis

107 665 276 701 AEacidae
296 663 439 708 similis,
459 662 717 710 Vulcaniaque
738 675 840 698 arma
859 673 1044 709 capessas,

105 715 235 756 Quam
256 724 292 752 te
309 715 495 752 Thersitae
516 715 676 750 similem
697 714 879 762 producat
899 712 1079 749 Achilles.

106 769 155 805 Et
175 777 314 813 tamen,
335 775 375 804 ut
390 765 503 815 longe
521 774 678 815 repetas,
699 763 883 814 longeque
903 764 1067 801 revolvas

106 820 270 865 Nomen,
291 820 338 856 ab
359 819 487 855 infami
503 826 654 867 gentem
676 818 833 853 deducis
853 817 965 865 asjlo.

107 871 293 921 Majorum
312 871 454 919 primus
473 870 639 918 quisquis
659 869 727 905 fuit
747 869 807 906 ille
827 877 991 913 tuorum,

107 925 186 960 Aut
204 931 327 973 pastor
343 922 424 968 fuit,
445 929 508 958 aut
527 921 629 967 illud,
649 921 747 969 quod
767 921 892 957 dicere
912 919 1009 957 nolo.

602 1128 809 1165 SATIRA
842 1128 914 1165 IX.

158 1237 279 1272 Semi:
299 1235 424 1281 velim,
444 1246 558 1283 quare
578 1233 686 1270 toties
706 1233 810 1278 mihi,
833 1232 999 1279 Naevole,
1021 1234 1135 1270 tristis

105 1287 295 1324 Occurras
311 1286 428 1323 fronte
444 1285 622 1331 obducta,
643 1297 713 1321 ceu
734 1283 886 1333 Marsya
905 1285 1092 1322 victus.—

106 1340 194 1376 Non
215 1348 294 1376 erat
314 1340 386 1376 hac
406 1339 501 1375 facie
522 1337 766 1374 miserabilior
782 1336 1005 1386 Crepereius

104 1392 232 1438 Pollio,
253 1391 315 1441 qui
335 1391 519 1440 triplicem
539 1403 689 1426 usuram
708 1397 881 1437 praestare
900 1398 1050 1438 paratus

105 1444 250 1481 Circuit
269 1452 306 1481 et
326 1444 445 1480 fatuos
465 1456 539 1479 non
568 1442 720 1478 invenit.
778 1441 887 1477 Unde
908 1441 1063 1491 repente

105 1496 182 1533 Tot
202 1497 332 1546 iugae'!
361 1493 463 1532 certe
499 1495 647 1531 modico
667 1501 866 1530 contentus
886 1495 1023 1542 agebas

105 1548 271 1584 Vei-nam
291 1548 466 1596 equitem,
488 1548 643 1583 conviva
659 1547 744 1595 joco
766 1546 960 1582 mordente
979 1547 1136 1593 facetus,

105 1600 154 1637 Et
174 1601 314 1636 salibus
333 1600 535 1636 vehemens
556 1599 651 1635 intra
670 1598 850 1647 pomoeria
870 1597 978 1634 natis.

104 1651 244 1689 Omnia
264 1665 366 1688 nunc
386 1650 518 1688 contra
536 1664 542 1686 :
573 1651 696 1686 vultus
715 1650 850 1698 gravis,
872 1650 1021 1687 horrida
1042 1651 1152 1687 siccae

107 1704 208 1741 Silva
226 1715 357 1750 comae,
378 1703 503 1740 nullus
522 1704 599 1739 tota
620 1703 715 1739 nitor
735 1702 773 1738 in
794 1710 895 1748 cute,
916 1703 1065 1750 qualem

105 1756 250 1793 Bruttia
269 1756 467 1804 praestabat
486 1755 597 1792 calidi
617 1755 683 1791 tibi
705 1754 819 1790 fascia
840 1754 952 1790 visci:

106 1809 182 1844 Sei
203 1809 401 1845 fruticante
420 1807 495 1856 pilo
514 1807 688 1856 neglecta
707 1814 744 1842 et
763 1807 932 1854 squalida
951 1819 1071 1843 crura.

106 1860 213 1899 Quid
235 1861 374 1896 macies
395 1860 484 1909 aegri
504 1859 652 1904 veteris,
673 1871 784 1907 quem
804 1866 970 1908 tempore
990 1859 1101 1907 longo

108 1911 246 1949 Torret
264 1920 395 1960 quarta
414 1913 506 1957 dies,
525 1912 688 1959 olimque
709 1911 916 1947 domestica
936 1911 1074 1947 febris?

106 1963 327 2013 Deprendas
347 1964 462 2000 animi
482 1971 665 1999 tormenta
684 1962 834 1998 latentis
854 1963 890 1999 in
913 1963 1011 2011 :egro

105 2016 285 2065 Corpore,
306 2014 516 2065 deprendas
535 2023 571 2051 et
590 2015 726 2064 gaudia
744 2027 751 2050 t
781 2016 893 2051 sumit
913 2023 1109 2064 utrumque

105 2067 201 2105 Inde
225 2068 391 2105 habitum
413 2067 537 2104 facies.
593 2067 713 2116 Igitur
734 2066 880 2103 flexisse
902 2067 1036 2104 videris

106 2121 356 2170 Propositum,
376 2128 413 2157 et
433 2119 516 2156 vitae
538 2120 746 2156 contrarius
767 2120 819 2156 ire
839 2120 963 2168 priori.

106 2172 239 2222 Nuper
258 2173 373 2218 enim,
395 2180 435 2208 ut
453 2179 593 2221 repeto,
615 2172 743 2208 fanum
764 2172 888 2217 Isidis,
910 2179 947 2208 et
965 2172 1228 2220 Ganymeden,

106 2225 227 2270 Pacis,
248 2232 285 2261 et
305 2225 468 2260 advectae
487 2231 631 2260 secreta
649 2224 786 2273 palatia
808 2223 952 2270 Matris,

107 2277 154 2314 Et
169 2277 347 2313 Cererem
370 2276 474 2325 (nam
494 2288 567 2324 quo
586 2289 660 2312 non
681 2284 818 2325 prostat
839 2276 990 2312 foemina
1009 2275 1146 2325 templo
1158 2276 1190 2326 Ἰ)

106 2329 239 2366 Notior
261 2328 414 2365 Aufidio
435 2329 605 2364 moechus
625 2329 814 2365 celebrare
835 2328 1045 2364 solebas.—

107 2381 205 2418 Utile
225 2389 262 2417 et
282 2382 352 2418 hoc
373 2380 498 2417 multis
517 2381 600 2416 vitae
621 2393 762 2429 genus:
793 2388 829 2417 at
848 2380 938 2416 mihi
960 2380 1102 2416 nullum

108 2432 203 2469 Inde
224 2445 346 2482 operae
367 2433 539 2482 pretium.
596 2432 761 2481 Pingues
782 2433 980 2481 aliquando
999 2433 1183 2477 lacernas,

108 2485 345 2522 Munimenta
363 2493 473 2533 togae‚
494 2484 575 2520 duri
597 2485 784 2532 crassique
802 2485 946 2529 coloris,

575 2547 600 2572 o

1359 151 1410 191 49

1332 400 1410 437 265

1335 659 1412 697 270

1336 920 1414 956 275

1392 1444 1416 1480 ς’.

1370 1704 1417 1740 10

1370 1964 1415 2001 15

1361 2225 1413 2262 20
