1596 2779
159 124 210 159 ‘28
574 121 614 151 Ῐ).
639 121 764 151 JL'Nu
790 120 1047 151 JUVENALIS

160 215 330 252 Labente
349 214 485 260 officio,
506 214 634 250 crudis
655 215 850 259 donanda;
881 229 952 252 nec
973 214 1077 258 illud,

158 267 273 306 Quod
295 267 415 315 prima
434 279 499 314 pro
519 273 630 302 nocte
650 267 771 311 datur,
792 280 907 315 quum
927 268 1036 302 lance
1057 264 1166 301 beata

159 318 342 363 Dacicus,
362 326 398 354 et
419 318 557 366 scripto
577 319 698 354 radiat
717 318 969 355 Germanicus
991 330 1091 353 auro.

161 371 200 406 Si
221 371 323 406 tibi
309 370 527 418 simplicitas
549 369 690 414 uxoria,
711 370 860 407 deditus
880 371 947 407 uni

159 422 227 458 Est
248 422 417 465 animus;
448 421 624 458 submitte
645 430 757 469 caput
776 423 922 459 cervice
942 421 1070 471 parata

159 473 303 510 Ferre'
291 486 447 531 jugum:
478 473 648 509 nullam
641 474 823 519 invenies,
844 487 926 522 quae
946 481 1074 522 parcat
1095 470 1245 508 amanti.

159 525 330 561 Ardeat
323 538 400 573 ipsa
422 524 523 568 licet,
545 525 740 561 tormentis
759 527 898 575 gaudet
920 525 1079 561 amantis

160 577 208 613 Et
227 578 365 626 spoliis.
424 576 543 625 Igitur
563 576 675 626 longe
696 576 823 614 minus
843 578 945 613 utilis
965 577 1018 614 illi

162 629 272 674 Uxor,
293 629 460 677 quisquis
480 629 551 664 erit
571 629 692 665 bonus
711 631 970 678 optandusque
990 628 1156 667 maritus.

160 681 223 716 Nil
247 693 411 728 unquam
433 680 548 716 invita
570 681 727 717 donabis
747 682 909 730 conjuge
928 694 935 716 :
965 681 1105 717 vendes

159 732 245 769 Hac
263 733 434 769 obstante
455 732 546 768 nihil
563 746 569 768 :
600 733 706 778 nihil,
724 734 805 769 haec
824 734 853 769 si
867 733 981 778 nolet,
1000 739 1157 769 emetur.

159 785 256 820 Haec
277 784 378 820 dabit
400 784 556 819 affectus
575 798 581 820 2
613 785 673 820 ille
694 785 915 821 excludetur
937 784 1081 820 amicus

158 836 246 872 Jam
266 837 402 881 senior,
424 836 531 884 cujus
553 837 706 872 barbam
726 845 789 873 tua
806 837 922 885 janua
941 836 1042 872 vidit.

159 887 344 924 Testandi
364 901 480 936 quum
501 888 546 924 sit
567 888 767 924 lenonibus
787 898 897 937 atque
917 888 1063 924 lanistis

159 939 345 985 Libertas,
365 947 402 975 et
418 940 512 988 juris
533 940 631 976 idem
652 941 847 989 contingat
867 953 989 977 arenae
1007 953 1015 985 ;

159 992 248 1028 Non
268 1005 367 1027 unus
387 991 453 1027 tibi
475 992 598 1028 rivalis
618 993 821 1029 dictabitur
842 993 973 1029 liaeres.

159 1043 263 1080 Pone
284 1056 438 1079 crucem
459 1056 574 1080 servo.
632 1043 774 1080 Meruit
794 1057 866 1092 quo
887 1044 1045 1080 crimine
1065 1054 1193 1078 servus

161 1096 426 1144 Supplicium?
458 1095 540 1143 quis
560 1096 664 1131 testis
685 1097 816 1132 adest?
845 1096 928 1144 quis
947 1094 1108 1131 detulit?
1164 1092 1282 1138 Audi,

160 1147 277 1183 Nulla
298 1160 465 1195 unquam
486 1148 531 1183 de
552 1156 669 1184 morte
691 1148 852 1184 hominis
871 1147 1063 1183 cunctatio
1082 1146 1193 1194 longa
1211 1151 1278 1181 est.

160 1199 197 1235 O
217 1200 387 1245 demens,
409 1200 460 1235 ita
479 1212 607 1236 servus
628 1200 738 1236 homo
758 1201 842 1236 est?
872 1199 924 1235 nil
947 1199 1089 1244 fecerit,
1109 1206 1210 1234 esto:

162 1251 248 1288 Hoc
268 1251 363 1297 volo,
385 1252 440 1288 sic
457 1252 585 1300 jubeo,
605 1252 652 1287 sit
672 1265 737 1300 pro
756 1252 901 1288 ratione
921 1250 1103 1287 voluntas.

214 1303 378 1352 Imperat
398 1302 488 1352 ergo
509 1303 607 1348 viro;
638 1304 703 1340 sed
724 1316 810 1340 mox
829 1304 910 1339 haec
930 1315 1046 1352 regna
1065 1301 1253 1350 relinquit,

162 1355 430 1404 Permutatque
450 1356 591 1401 domos,
608 1364 645 1392 et
666 1356 838 1391 flammea
857 1355 1018 1392 conterit
1035 1367 1042 1389 ε
1072 1354 1160 1390 inde

162 1407 336 1453 Advolat,
357 1416 394 1444 et
414 1408 525 1456 spreti
547 1408 680 1455 repetit
698 1406 855 1455 vestigia
874 1405 973 1442 lecti.

162 1459 327 1496 Ornatas
346 1458 461 1508 paulo
483 1457 570 1495 ante
594 1459 703 1503 fores,
723 1457 928 1506 pendentia
948 1457 1082 1505 linquit

162 1512 260 1548 Vela
279 1512 426 1556 domim,
447 1518 484 1547 et
504 1511 629 1546 adhuc
650 1510 787 1546 virides
808 1509 846 1545 in
865 1509 994 1545 limine
1015 1521 1147 1545 ramos.

163 1564 228 1600 Sic
249 1563 385 1599 crescit
405 1575 584 1599 numerus
601 1575 608 1606 ;
640 1563 694 1598 sic
716 1562 811 1598 fiunt
829 1569 914 1605 octo
934 1560 1055 1597 mariti

161 1615 344 1663 Quinque
364 1628 428 1664 per
450 1622 650 1651 autumnos
668 1627 675 1649 :
705 1613 813 1650 titulo
833 1627 891 1650 res
909 1613 1025 1661 digna
1044 1610 1220 1661 sepulcri.

216 1667 462 1716 Desperanda
481 1667 547 1702 tibi
568 1666 668 1702 salva
689 1666 892 1703 concordia
911 1677 1032 1701 socru.

163 1719 232 1755 Illa
252 1720 364 1755 docet
383 1719 509 1768 spoliis
529 1718 620 1754 nudi
640 1718 805 1766 gaudere
826 1717 970 1760 mariti3

164 1771 235 1807 Illa
254 1772 377 1817 docet,
398 1770 521 1806 missis
541 1784 562 1806 a
580 1777 796 1819 corruptore
816 1769 976 1814 tabellis,

164 1823 230 1859 Nil
251 1824 344 1859 rude
364 1835 436 1859 nec
457 1822 614 1872 simplex
635 1822 862 1859 rescribere:
893 1820 1035 1869 decipit
1054 1819 1119 1856 illa

164 1875 364 1921 Custodes,
381 1882 444 1911 aut
464 1888 535 1910 aere
555 1875 681 1910 domat
699 1888 705 1910 :
735 1882 826 1910 tunc
846 1885 999 1921 corpore
1019 1884 1109 1909 sano

164 1928 337 1964 Advocat
357 1927 616 1974 Archigenen,
636 1938 867 1974 onerosaque
888 1924 1001 1974 pallia
1016 1923 1146 1972 jactat.

166 1979 329 2016 Abditus
349 1979 490 2015 interea
512 1978 602 2014 latet
621 1986 658 2014 et
677 1985 843 2014 secretus
863 1977 1018 2013 adulter.
1021 1997 1074 2003 -—

166 2031 321 2068 Scilicet
342 2039 550 2078 exspectem,
571 2037 611 2065 ut
631 2030 753 2066 tradat
772 2037 888 2065 mater
909 2029 1084 2065 honestos

166 2084 292 2131 Atque
313 2083 404 2119 alios
424 2095 559 2127 mores,
579 2094 691 2130 quam
712 2094 804 2130 quos
825 2081 963 2117 habet?
992 2078 1083 2115 utile
1102 2075 1211 2127 porro

165 2135 339 2172 Filiolam
359 2134 456 2183 turpi
476 2133 609 2170 vetulae
626 2134 829 2194 producere
845 2141 1003 2181 turpem.

219 2187 335 2223 Nulla
355 2185 432 2222 fere
453 2199 569 2222 causa
588 2194 655 2230 est,
677 2186 715 2221 in
735 2198 808 2234 qua
829 2197 903 2221 non
925 2183 1078 2219 foemina
1096 2182 1200 2219 litem

167 2239 255 2276 Mov
259 2239 338 2275 erit.
397 2239 567 2274 Accusat
589 2237 761 2282 Manilia,
782 2237 812 2273 si
833 2249 896 2273 rea
916 2248 990 2272 non
1011 2242 1077 2271 est.

168 2289 437 2340 Componunt
429 2303 517 2339 ipsae
537 2303 602 2338 per
622 2303 674 2334 se,
696 2268 927 2336 forinantque
947 2286 1106 2332 libellos,

168 2343 401 2390 Principium
422 2350 531 2390 atque
551 2341 653 2378 locos
672 2341 787 2380 Celso,
804 2341 946 2376 dictare
965 2346 1114 2388 paratae.

222 2394 472 2430 Endromidas
492 2393 642 2441 Tyrias,
662 2401 699 2429 et
721 2393 939 2428 soemineum
959 2403 1109 2427 ceroma

168 2446 270 2485 Quis
289 2445 435 2482 nescit?
466 2446 521 2482 vel
541 2445 623 2494 quis
644 2458 718 2481 non
739 2444 829 2481 vidit
848 2444 1003 2479 vulnera
1021 2441 1123 2491 pali?

1396 367 1469 404 160

1397 625 1471 662 165

1399 884 1472 921 170

1399 1143 1472 1180 175

1398 1401 1474 1439 180

1399 1661 1474 1699 185

1401 1920 1475 1958 190

1401 2180 1474 2217 195
