1596 2779
152 179 203 219 ¹18
566 180 607 211 D.
632 179 759 212 JUNH
783 179 1042 212 JUVLNAUS

152 273 312 311 Electrae
331 274 461 323 jugulo
480 288 518 310 se
538 275 682 323 polluit,
700 283 760 312 aut
783 275 955 323 Spartani

152 327 347 375 Sanguine
368 327 545 374 conjugii,
567 327 679 362 nullis
699 328 847 363 aconita
867 325 1083 374 propinquis

151 377 321 424 Miscuit,
342 378 378 414 in
400 378 514 414 scena
535 389 724 425 nunquam
747 379 909 414 cantavit
928 380 1093 414 Orestes.

151 429 293 466 Troica
312 442 386 465 non
407 431 564 477 scripsit.
620 430 726 468 Quid
747 430 847 466 enim
868 428 1074 478 Verginius
1093 427 1205 464 armis

150 480 292 518 Debuit
310 481 443 517 ulcisci
467 479 598 529 magis,
620 489 684 517 aut
703 494 789 517 cum
810 481 973 517 Vindice
993 481 1140 516 Galba?

149 532 256 571 Quid
278 533 380 569 Nero
400 541 474 569 tam
495 534 593 569 saeva
613 533 806 580 crudaque
826 533 1022 590 tyrannide
1045 533 1158 568 fecit?

151 583 246 620 Haec
266 598 390 633 opera,
411 592 520 631 atque
541 585 597 620 hae
618 592 705 620 sunt
724 584 896 632 generosi
917 584 1103 632 Principis
1119 592 1228 629 artes,

149 636 358 672 Gaudentis
379 636 476 672 foedo
495 637 692 684 peregrina
711 637 756 672 ad
777 636 918 684 pulpita
938 636 1033 672 saltu

149 687 239 724 Pros
224 688 338 733 timi,
359 688 556 735 Graiaeque
577 688 710 745 apium.
724 688 904 724 meruisse
921 700 1078 724 coronae.

150 738 201 774 Μ.
195 740 334 787 ajorum
355 739 497 786 effigies
519 739 710 775 habeant
703 740 866 787 insignia
884 740 1009 776 vocis:

150 791 251 827 Ante
270 791 385 838 pedes
405 790 546 827 Domiti
567 791 719 838 longum
741 798 779 826 tu
804 804 900 839 pone
920 791 1098 838 Thyestae

150 844 282 890 Syrma
302 842 357 878 vel
378 842 593 890 Antigonoe‚
615 855 681 878 seu
700 855 897 890 personam
918 841 1166 892 MenalippeS‚

149 894 198 930 Et
217 895 263 930 de
284 907 491 930 marmoreo
511 895 692 930 citharam
713 895 898 942 suspende
919 895 1073 931 colosso.

147 946 268 992 Quid,
289 946 466 991 Catilina,
487 946 560 981 tuis
577 947 774 991 natalibus,
796 954 905 993 atque
925 946 1099 995 Cethegi,

149 997 321 1034 Inveniet
339 996 533 1045 quisquam
554 998 779 1033 sublimius?
810 999 927 1033 Arma
947 1006 1073 1034 tamen
1093 1011 1157 1035 vos

149 1049 347 1086 Nocturna
367 1058 403 1085 et
424 1050 591 1084 flammas
612 1050 784 1086 domibus
803 1050 1025 1098 templisque
1045 1049 1215 1098 parzistis,

148 1101 199 1138 Ut
218 1101 460 1137 Bracatorum
480 1101 600 1149 pueri,
623 1102 890 1148 Senonumque
912 1101 1087 1147 minores,

149 1154 258 1199 Ausi,
278 1154 375 1201 quod
396 1154 506 1189 liceat
525 1153 654 1188 tunica
673 1153 804 1200 punire
825 1153 991 1189 molesta.

150 1206 225 1241 Sed
246 1205 371 1254 vigilat.
391 1205 548 1249 Consul,
569 1205 775 1252 vexillaque
797 1212 916 1240 vestra
931 1207 1092 1240 coercet.

149 1257 225 1293 Hic
245 1270 362 1293 novus
382 1257 558 1305 Arpinas,
580 1257 767 1305 ignobilis,
789 1263 826 1292 et
846 1254 956 1292 modo
978 1256 1111 1292 Romae

149 1308 391 1357 Municipalis
411 1309 549 1356 Eques
565 1308 754 1356 galeatum
774 1308 878 1355 ponit
897 1308 1034 1355 ubique

149 1360 370 1397 P-‘esidium
392 1359 568 1405 attonitis,
590 1368 626 1396 et
646 1360 683 1396 in
703 1360 805 1396 omni
825 1367 936 1407 gente
956 1360 1109 1396 laborat.

148 1412 319 1449 Tantum
340 1413 452 1461 igitur
472 1424 598 1449 muros
619 1413 715 1449 intra
735 1419 819 1459 toga
839 1411 996 1448 contulit
1016 1411 1067 1447 illi

147 1464 323 1501 Nominis
343 1472 379 1500 et
399 1465 509 1509 tituli,
530 1473 709 1512 quantum
730 1477 804 1499 non
825 1463 1014 1509 Leucade,
1034 1471 1215 1511 quantum

102 1543 103 1546 ,
148 1516 354 1553 Thessaliae
376 1517 517 1565 campis
536 1516 716 1553 Octavius
737 1515 887 1551 abstulit
907 1515 980 1551 udo

147 1568 328 1605 Caedibus
348 1567 507 1604 assiduis
522 1568 656 1617 gladio.
715 1568 790 1603 Sed
813 1567 939 1603 Roma
957 1574 1163 1614 parentem,

147 1620 272 1657 Roma
286 1628 429 1669 patrem
449 1621 576 1667 patriae
598 1620 822 1656 Ciceronem
843 1618 960 1654 libera
979 1619 1081 1654 dixit.

147 1672 311 1721 Arpinas
327 1672 420 1708 alius
439 1672 660 1708 Volscorum
695 1672 732 1706 in
753 1678 877 1706 monte
898 1670 1038 1706 solebat

146 1723 305 1761 Poscere
326 1724 517 1760 mercedes
534 1724 655 1760 alieno
673 1723 791 1758 lassus
813 1729 944 1767 aratro,

145 1775 337 1812 Nodosan]
353 1783 435 1823 post
451 1776 532 1811 haec
552 1775 744 1823 frangebat
761 1773 897 1810 vertice
917 1774 1042 1819 vitem,

146 1827 187 1863 Si
206 1828 328 1864 lentus
346 1827 451 1876 pigra
471 1828 634 1863 muniret
653 1834 777 1862 castra
796 1825 957 1862 dolabra.

145 1878 222 1916 Hic
242 1887 366 1916 tamen
386 1887 423 1916 ct
442 1879 615 1915 Cimbros
635 1886 670 1914 et
690 1890 835 1914 summa
853 1877 1018 1925 pericula
1037 1890 1161 1913 rerum

144 1930 306 1979 Excipit,
328 1940 364 1968 et
384 1931 482 1967 solus
503 1931 748 1979 trepidantem
769 1929 927 1977 protegit
946 1928 1096 1965 Urbem.

144 1983 268 2031 Atque
289 1984 387 2028 ideo,
408 1990 600 2031 postquam
623 1983 667 2018 ad
688 1982 861 2017 Cimbros
881 1988 1116 2029 stragemque
1135 1980 1322 2027 volabant,

142 2034 224 2073 Qui
245 2047 434 2082 nunquam
451 2034 649 2081 attigerant
668 2033 806 2081 majora
826 2033 1021 2077 cadavera,
1042 2032 1156 2078 corvi,

143 2085 296 2123 Nobilis
315 2093 465 2123 ornatur
485 2085 587 2122 lauro
607 2085 751 2132 collega
770 2084 948 2120 secunda.

143 2138 304 2176 Plebeiae
325 2138 527 2175 Deciorum
547 2137 694 2182 animae,
714 2137 858 2185 plebeia
880 2136 1029 2172 fuerunt

142 2190 330 2227 Nomina:
359 2202 425 2238 pro
444 2189 529 2225 totis
544 2189 754 2237 legionibus
775 2189 812 2224 hi
830 2196 969 2233 tamen,
985 2194 1022 2224 et
1039 2200 1106 2236 pro

143 2242 332 2279 Omnibus
351 2241 510 2286 auxiliis,
531 2248 640 2288 atque
660 2241 760 2277 omni
781 2241 879 2288 pube
899 2238 1050 2285 Latina,

145 2294 347 2330 Sufficiunt
367 2293 425 2329 dis
455 2293 609 2329 infernis
629 2292 832 2340 Terraeque
852 2291 997 2340 parenti
1016 2304 1024 2327 :

143 2345 265 2382 Pluris
285 2346 385 2382 enim
405 2344 527 2390 Decii,
543 2342 654 2392 quam
671 2356 751 2392 quae
772 2351 963 2380 servantur
983 2343 1029 2378 ab
1049 2343 1131 2380 illis.

144 2396 298 2433 Ancilla
319 2405 428 2434 natus
447 2396 627 2442 trabeam,
647 2404 683 2432 et
703 2396 876 2432 diadema
891 2395 1061 2441 Quirini,

144 2447 193 2486 Et
213 2449 330 2485 fasces
349 2449 484 2484 meruit
502 2460 630 2496 regum
649 2448 800 2483 ultimus
821 2448 880 2483 ille
901 2447 1093 2484 bonorum.

144 2500 293 2539 Prodita
312 2500 485 2536 laxabant
503 2506 690 2548 portarum
711 2499 870 2535 claustra
889 2498 1057 2547 tyrannis

1377 375 1456 413 220

1377 636 1455 673 225

1377 895 1454 932 230

1371 1153 1454 1192 235

1373 1411 1453 1448 240

1368 1929 1446 1967 250

1366 2186 1445 2225 255
