1596 2779
648 152 812 183 SATiRA
837 151 881 181 11.

108 250 295 287 Attollens
313 248 464 285 oculos:
493 248 608 284 vitreo
628 247 722 283 bibit
742 247 802 282 ille
824 245 971 293 Priapo,

106 302 401 348 Reticulumque
421 300 538 336 comis
558 307 727 335 auratum
751 297 968 346 ingentibus
987 296 1127 345 implet,

107 354 280 390 Caerulea
300 353 452 389 indutus
472 351 671 396 scutulata,
692 358 756 386 aut
775 350 936 398 galbana
955 361 1050 394 rasa,

106 406 156 443 Et
174 419 238 455 per
259 405 449 441 Junonem
470 403 610 440 domini
627 403 776 450 jurante
798 402 978 437 ministro.

107 457 175 494 Ille
196 465 296 494 tenet
317 456 525 505 speculum,
545 454 685 503 pathici
705 461 898 502 gestamen
925 452 1101 498 Othonis,

107 510 258 546 Actoris
281 508 453 544 Aurunci
474 507 646 555 spolium,
666 519 739 554 quo
758 519 797 541 se
819 505 878 541 ille
900 505 1050 541 videbat

108 563 320 606 Armatum,
341 573 455 608 quum
473 560 549 607 jam
571 559 648 595 tolli
670 558 802 594 vexilla
818 557 976 605 juberet.

106 614 187 650 Res
207 612 448 649 memoranda
467 611 571 647 novis
591 610 802 654 annalibus,
823 617 931 657 atque
952 608 1093 644 recenti

108 665 290 709 Historia,
312 664 506 712 speculum
527 663 647 699 civilis
668 662 816 698 sarcina
836 661 934 697 belli.

107 717 297 753 Nimirum
319 716 455 752 summi
476 715 584 750 ducis
603 722 659 750 est
678 714 853 750 occidere
874 713 1047 759 Galbam,

106 769 298 805 Etcurartt¹
313 775 456 811 cutem;
471 767 607 802 summi
628 766 840 802 constantia
860 765 952 801 civis

107 820 279 856 Bebriaci
319 832 454 868 campo
493 818 654 866 spolium
692 818 867 854 affectare
890 816 1022 862 Palati,

106 872 154 908 Et
174 884 344 920 pressum
362 871 398 906 in
422 870 554 906 faciem
575 870 701 918 digitis
720 870 923 905 extendere
943 881 1078 917 panem
1097 880 1103 903 :

104 924 220 963 Quod
242 936 313 959 nec
334 923 369 958 in
392 922 548 970 Assyrio
568 923 780 970 pharetrata
801 921 1022 957 Semiramis
1041 921 1144 966 orbe,

106 975 243 1012 Moesta
264 988 336 1011 nec
356 974 517 1010 Actiaca
538 974 626 1010 fecit
642 974 840 1022 Cleopatra
861 973 1000 1009 carina.

106 1027 184 1064 Hic
204 1028 327 1064 nullus
348 1027 469 1062 verbis
488 1027 620 1075 pudor,
641 1035 705 1062 aut
726 1026 932 1062 reverentia
952 1038 1106 1061 mensae.

107 1080 185 1116 Hic
205 1080 322 1128 turpis
344 1079 505 1126 Cybeles
524 1086 561 1114 et
583 1079 700 1115 fracta
722 1091 810 1114 voce
831 1077 1007 1125 loquendi

106 1132 290 1177 Libertas,
311 1139 348 1167 et
367 1131 472 1166 crine
492 1143 607 1166 senex
628 1131 812 1166 fanaticus
832 1131 918 1165 albo

107 1185 309 1221 Sacrorum
331 1183 499 1228 antistes,
520 1195 644 1218 rarum
665 1196 708 1218 ac
732 1180 971 1218 memorabile
992 1181 1120 1229 magni

105 1235 277 1273 Gutturis
297 1235 526 1283 exemplum,
547 1235 893 1282 conducendusque
915 1234 1101 1282 magister.

105 1288 213 1328 Quid
233 1296 359 1324 tamen
379 1295 611 1335 exspectant,
633 1287 795 1335 Phrygio
811 1299 902 1334 quos
921 1294 1068 1334 tempus
1088 1293 1167 1322 erat
1183 1286 1261 1334 jam

105 1339 214 1377 More
233 1352 502 1389 supervacuam
523 1339 651 1375 cultris
671 1339 893 1387 abrumpere
913 1351 1067 1374 carnem
1084 1339 1098 1374 i!

156 1393 449 1441 Quadringenta
469 1392 572 1428 dedit
591 1391 788 1427 Gracchus
809 1391 992 1437 sestertia,
1013 1391 1137 1427 dotem

105 1444 302 1482 Cornicini
320 1458 327 1488 ;
358 1445 436 1480 sive
458 1444 519 1480 hic
540 1452 643 1480 recto
664 1453 877 1480 cantaverat
897 1456 980 1479 aere.

106 1498 272 1546 Signatae
288 1497 445 1533 tabulae:
475 1497 618 1532 dictum
639 1495 815 1532 Feliciter
833 1497 840 1532 l
871 1497 1004 1544 ingens

105 1549 226 1586 Coena
246 1549 351 1585 sedet
369 1562 376 1584 ε
406 1549 550 1597 gremio
567 1548 685 1596 jacuit
706 1561 800 1583 nova
818 1556 933 1597 nupta
953 1548 1087 1583 mariti.

105 1601 142 1637 Ο
161 1614 347 1650 proceres,
368 1613 523 1636 censore
543 1613 637 1649 opus
656 1607 712 1636 est
732 1614 779 1636 an
801 1601 1000 1649 haruspice
1021 1601 1158 1637 nobis?

108 1654 263 1690 Scilicet
285 1654 466 1697 horreres,
488 1653 700 1700 majoraque
721 1662 887 1688 munstar
905 1661 1068 1701 putareS,

108 1706 150 1742 Si
171 1706 302 1741 mulier
324 1705 480 1741 vitulum
516 1705 571 1740 vel
593 1705 623 1740 si
646 1705 709 1740 bos
730 1708 860 1741 ederet
879 1718 1018 1753 agnum
1036 1705 1050 1741 'l

107 1758 326 1807 Segmenta‚
346 1764 384 1793 et
402 1757 534 1806 longos
555 1757 716 1802 habitus,
737 1765 773 1793 et
794 1756 967 1793 flammea
985 1757 1112 1805 sumit,

107 1811 262 1847 Arcano
282 1809 344 1858 qui
365 1821 472 1846 sacra
492 1809 614 1845 ferens
634 1810 805 1845 nutantia
825 1810 902 1846 loro

108 1863 267 1899 Sudavit
286 1862 427 1910 clypeis
447 1862 643 1898 ancilibus.
700 1862 736 1897 O
757 1870 862 1910 pater
883 1862 1009 1908 Urbis,

108 1914 219 1952 Unde
240 1914 344 1950 nefas
364 1921 508 1950 tantum
532 1914 650 1950 Latiis
670 1915 907 1962 pastoribus?
937 1915 1037 1951 unde

107 1967 203 2003 Haec
223 1966 356 2015 tetigit,
376 1966 551 2011 Gradive,
572 1974 655 2002 tuos
675 1966 794 2002 urtica
814 1974 968 2015 nepotes
988 1967 1002 2002 ’ἲ

107 2019 288 2056 Traditur
309 2031 400 2054 eece
421 2018 498 2054 viro
513 2019 637 2054 clarus
657 2031 796 2067 genere
818 2027 927 2067 atque
947 2019 1081 2067 opibus
1101 2019 1155 2056 vir
1172 2032 1180 2055 :

107 2071 192 2109 Nec
211 2071 356 2121 galeam
375 2083 542 2119 quassziS,
563 2083 634 2106 nec
653 2078 788 2107 terram
809 2072 965 2120 cuspide
984 2071 1123 2120 pulsas,

108 2123 195 2161 Nec
213 2123 378 2172 quereris
398 2123 521 2171 patri?
577 2123 685 2159 Vade
706 2122 812 2172 ergo,
832 2132 869 2160 et
888 2124 982 2160 cede
1003 2125 1122 2160 severi

109 2176 313 2225 Jugeribus
328 2175 465 2224 campi,
485 2187 596 2223 quem
618 2175 778 2224 negligis
795 2177 802 2212 !
859 2175 1038 2212 Officium
1060 2189 1143 2213 cras

109 2228 236 2265 Primo
255 2228 332 2265 sole
353 2227 444 2263 mihi
466 2228 724 2275 peragendum
747 2229 783 2264 in
805 2229 898 2264 valle
917 2228 1084 2267 Quirini.

107 2280 209 2321 Quae
228 2292 342 2316 causa
362 2280 504 2316 officii?
558 2280 666 2319 Quid
687 2281 848 2328 quaeris?
903 2280 1025 2317 Nubit
1045 2282 1202 2328 amicus,

111 2333 196 2370 Nec
216 2333 352 2369 multos
371 2332 534 2368 adhibet.
591 2332 724 2368 Liceat
746 2331 858 2370 niodo
881 2333 1025 2377 vivere3
1056 2334 1158 2379 fient,

110 2385 222 2422 Fient
242 2385 312 2421 ista
330 2383 470 2433 palam,
490 2384 645 2432 cupient
664 2392 701 2420 et
720 2385 756 2421 in
779 2393 862 2422 acta
882 2385 1020 2421 referri.

112 2437 262 2474 Interea
281 2442 508 2473 tormentum
529 2437 664 2484 ingens
684 2438 914 2474 nubentibus
934 2439 1062 2483 haeret,

109 2487 229 2529 Quod
252 2495 444 2537 nequeunt
462 2501 606 2537 parere,
626 2497 663 2525 et
682 2497 789 2538 partu
809 2491 971 2526 retinere
993 2491 1154 2527 maritos.

1369 867 1421 903 90

1369 1129 1421 1165 95

1350 1390 1422 1427 100

1352 1651 1422 1688 105

1350 1915 1423 1952 110

1353 2177 1424 2213 115

1355 2439 1423 2475 120
