1596 2779
153 133 204 167 30
568 129 608 158 D.
632 129 758 159 JUNH
783 127 1040 159 JUYENALIS

156 222 271 259 Nunc
291 222 452 270 patimur
472 222 593 270 longae
614 222 717 270 pacis
737 222 844 258 mala.
902 222 1041 258 Saevior
1062 221 1174 257 armis
1382 219 1460 257 245

155 275 320 310 Luxuria
342 274 525 319 incubuit,
547 274 758 321 victumque
779 274 972 310 ulciscitur
992 273 1132 309 orbem.

155 326 313 362 Nullum
334 326 476 361 crimen
500 327 616 370 abest,
640 325 856 373 facinusque
878 325 1057 370 libidinis,
1078 338 1122 360 ex
1143 336 1216 373 quo

155 378 358 426 Paupertas
381 377 555 413 Romana
573 375 679 425 perit.
738 377 841 413 Hinc
862 376 966 412 fluxit
987 376 1032 412 ad
1053 376 1141 412 istos

155 429 204 466 Et
224 429 377 477 Sybaris
397 429 523 475 colles,
545 429 634 465 hinc
654 436 691 464 et
710 429 880 474 Rhodos,
900 437 937 465 ct
957 428 1121 473 Miletos,

156 483 280 529 Atque
301 489 520 517 coronatum
539 489 577 517 et
595 480 766 528 petulans
786 480 1052 528 madidumque
1071 479 1294 516 Tarentum.
1385 477 1462 514 250

159 533 283 569 Prima
302 533 518 581 peregrinos
537 533 715 569 obscoena
736 532 904 568 Pecunia
922 544 1044 568 mores

158 585 302 630 Intulit,
323 592 360 620 et
379 585 475 632 turpi
498 585 687 632 fregerunt
708 584 847 620 saecula
867 584 956 619 luxu

157 636 306 673 Divitiae
328 636 466 673 molles
522 636 629 674 Quid
650 636 751 672 enim
773 635 905 672 Venus
925 635 1027 671 ebria
1046 642 1153 671 curat
1167 635 1236 670 ‘l—

209 688 259 724 Ut
274 696 416 736 spectet
436 688 557 733 ludos,
579 689 758 724 conducit
777 687 947 736 Ogulnia
966 683 1120 733 vestem,

157 740 349 777 Conducit
369 740 538 784 comites,
559 740 701 785 sellam,
723 740 896 784 cervical,
917 740 1070 784 amicas,
1386 735 1464 772 255

157 792 371 837 Nutricem,
392 799 429 827 et
450 791 594 837 flavam,
616 792 676 827 cui
698 792 762 827 det
781 792 969 836 mandata,
990 789 1164 839 puellam.

159 843 253 880 Haec
274 852 397 879 tamen
419 844 563 891 argenti
584 851 752 892 superest
763 843 1019 901 quodcunque
1036 841 1180 890 paterni

157 895 319 932 Levibus
339 895 500 940 athletis,
518 907 562 931 ac
582 908 668 931 vasa
688 895 888 931 notissima
908 895 1032 931 donat.

157 947 291 984 Multis
310 960 368 983 res
390 960 509 995 angus
512 955 548 983 ta
567 947 690 983 domi:
720 948 785 982 sed
806 947 908 982 nulla
927 946 1108 994 pudorem

158 999 392 1048 Paupertatis
413 999 538 1045 habet,
558 1012 629 1035 nec
650 1012 689 1035 se
710 999 860 1035 metitur
879 999 925 1034 ad
947 998 1064 1043 illum,
1344 1005 1350 1011 ·
1387 994 1465 1030 260

156 1050 286 1090 Quem
307 1052 409 1087 dedit
426 1052 506 1086 haeo
526 1052 735 1108 posuitque,
756 1051 919 1086 modum.
977 1049 1126 1086 Tamen
1147 1046 1237 1084 utile
1257 1046 1346 1096 quid
1366 1046 1413 1082 sit

138 1103 395 1151 ‚Prospiciunt
415 1103 614 1151 aliquando
635 1103 701 1138 viri
719 1116 726 1146 3
758 1102 946 1151 frigusque
968 1102 1178 1148 famemque

158 1155 335 1192 Formica
355 1155 507 1191 tandem
532 1154 684 1202 quidam
704 1154 887 1203 expavere
908 1153 1098 1201 magistra.

158 1206 319 1255 Prodiga
339 1220 413 1243 non
434 1207 547 1243 sentit
566 1214 788 1255 pereuntem
810 1206 963 1242 foemina
983 1217 1153 1251 censum,

158 1260 231 1305 Ac,
253 1259 350 1295 velut
369 1259 550 1295 exhausta
570 1259 755 1294 recidivus
774 1258 929 1307 pullulet
949 1258 1037 1294 arca
1388 1253 1467 1290 26.)

158 1311 348 1347 Nummus
367 1319 403 1347 et
423 1324 443 1347 e
463 1311 574 1360 pleno
594 1323 740 1359 semper
761 1310 908 1346 tollatur
929 1322 1074 1355 acervo,

158 1363 246 1400 Non
268 1376 429 1411 unquam
447 1371 603 1412 reputat,
620 1363 747 1410 quanti
768 1362 838 1398 sibi
858 1362 996 1411 gaudia
1015 1368 1254 1398 constent.—

211 1415 251 1451 Si
272 1416 410 1464 gaudet
431 1423 566 1459 cantu3
597 1415 736 1462 nullius
756 1415 867 1450 fibula
887 1415 996 1450 durat

158 1467 302 1504 Vocem
324 1467 519 1503 vendentis
538 1467 757 1515 praetoribus
776 1480 782 1502 :
812 1479 951 1515 organa
971 1478 1116 1515 semper

159 1518 205 1555 In
226 1519 423 1555 manibus:
454 1519 560 1555 densi
580 1519 726 1555 radiant
745 1519 937 1561 testudine
954 1518 1030 1554 tota
1336 1546 1340 1548 ,
1389 1517 1467 1554 270

159 1572 421 1619 Sardonyches
441 1584 447 1606 :
478 1571 600 1620 crispo
620 1579 864 1607 numerantur
884 1570 1033 1619 pectine
1053 1570 1219 1616 chordae,

157 1622 249 1661 Quo
269 1632 373 1659 tener
396 1623 624 1671 Hedymeles
643 1636 775 1671 operas
795 1623 896 1658 dedit
915 1635 922 1658 :
953 1623 1054 1658 hunc
1074 1629 1191 1668 tenet,
1212 1623 1283 1658 hoc
1302 1634 1343 1658 se

159 1675 321 1721 Solatur,
343 1684 522 1724 gratoque
543 1675 712 1723 indulget
731 1675 834 1711 basia
852 1675 1004 1722 plectro.

158 1726 348 1765 Quaedam
369 1727 415 1762 de
437 1739 593 1763 numero
614 1726 828 1763 Lamiarum
850 1739 894 1762 ac
914 1726 1076 1762 nominis
1097 1725 1161 1762 alti

159 1779 257 1814 Cum
279 1779 372 1815 farre
393 1786 430 1814 et
451 1778 536 1815 vino
556 1778 578 1814 J
583 1792 696 1814 anum
719 1779 946 1826 Vestamque
967 1778 1132 1826 rogabat,
1388 1777 1466 1814 275

159 1831 224 1866 An
245 1831 495 1879 Capitolinam
516 1831 669 1867 deberet
689 1830 807 1867 Pollio
825 1842 1004 1878 quercum

159 1883 331 1931 Sperare,
352 1890 388 1918 et
409 1882 544 1918 fidibus
563 1884 787 1931 promittere.
843 1882 950 1920 Quid
972 1882 1112 1918 faceret
1129 1881 1212 1931 plus

159 1934 381 1983 AEgrotante
399 1935 501 1971 viro?
530 1935 688 1971 medicis
707 1935 796 1983 quid
816 1934 982 1970 tristibus
1002 1947 1090 1982 erga

159 1986 335 2023 Filiolum
353 1987 367 2021 Τ
424 1987 535 2023 Stetit
555 1994 641 2022 ante
661 2000 776 2032 aram,
797 1999 868 2023 nec
888 1995 994 2034 turpe
1013 1986 1153 2034 putavit

159 2038 231 2075 Pro
251 2038 395 2074 eithara
416 2038 536 2074 velare
556 2047 692 2086 caput3
724 2039 937 2086 dictataque
957 2038 1068 2074 verba
1390 2038 1467 2075 280

159 2090 330 2136 Pertulit,
351 2097 390 2126 ut
410 2102 489 2126 mos
508 2098 576 2136 est,
596 2097 633 2126 et
652 2091 779 2138 aperta
799 2090 929 2138 palluit
949 2090 1059 2138 agna.

159 2142 232 2178 Dic
252 2142 342 2178 mihi
363 2155 478 2188 nunc,
498 2154 636 2190 quaeso,
657 2142 730 2188 dic,
752 2142 1007 2190 antiquissime
1027 2141 1167 2188 divum,

159 2195 384 2243 Respondes
404 2194 474 2240 his,
495 2194 592 2230 Jane
612 2202 716 2242 pater
732 2195 745 2230 Τ
802 2193 944 2242 Magna
962 2194 1038 2230 otia
1057 2194 1141 2230 eoeli
1159 2206 1167 2229 :

158 2246 248 2283 Non
268 2254 335 2292 est,
357 2254 397 2283 ut
418 2247 537 2292 video,
558 2259 631 2282 non
652 2254 720 2291 est,
740 2247 837 2294 quod
858 2254 987 2295 agatur
1007 2246 1107 2294 apud
1126 2259 1200 2283 VOS.

160 2298 256 2334 Haec
275 2299 321 2334 de
341 2298 522 2335 comoedis
541 2305 576 2334 te
596 2298 779 2334 consulit:
809 2298 870 2335 illa
890 2299 1099 2346 tragoedum
1387 2297 1466 2335 285

159 2350 438 2387 Commendare
459 2350 576 2387 volet:
607 2350 797 2387 varicosus
817 2351 880 2387 fiet
895 2351 1093 2399 haruspex.

213 2403 287 2438 Sed
309 2410 435 2438 cantet
450 2400 584 2451 ροῐίὺε,
604 2401 715 2450 quam
737 2410 849 2439 totam
869 2402 1031 2452 pervolet
1050 2403 1180 2440 urbem

160 2454 310 2500 Audax,
331 2462 368 2491 et
386 2463 506 2491 coetus
525 2454 641 2503 possit
660 2453 773 2503 quam
796 2455 890 2491 ferre
910 2455 1084 2501 virorum,
