1596 2779
637 167 799 199 SATiRA
827 168 922 199 vlit.

129 260 356 299 Permixtum
378 261 515 308 nautis,
536 269 572 298 et
594 261 748 307 furibus,
770 276 814 299 ac
835 262 1010 310 fugitivis,

130 314 230 351 Inter
250 314 458 360 carnifices,
478 321 515 350 et
536 315 656 350 fabros
676 315 966 362 sandapilarum,

127 365 175 402 Et
192 366 395 414 resupinati
415 366 599 402 cessantia
618 372 793 413 tympana
812 366 924 401 Galli.

125 417 248 465 A‘Equa
269 418 318 454 ibi
338 418 500 462 libertas,
524 417 739 453 communia
758 417 906 465 pocula,
925 417 1044 453 lectus

125 468 211 505 Non
231 469 325 505 alius
344 470 530 516 cuiquam,
551 480 622 504 nec
643 481 772 504 mensa
792 469 964 505 remotior
985 468 1060 504 ulli.

122 520 229 559 Quid
251 521 364 556 facias
384 521 493 556 talem
515 521 676 564 sortitus,
697 520 866 565 Pontice,
886 521 1063 556 servum?

123 571 271 620 Nempe
292 573 328 608 in
349 572 536 617 Lucanos,
559 579 622 607 aut
643 571 774 607 Tusca
794 572 981 619 ergastula
1003 572 1138 607 mittas.

123 624 176 660 At
196 637 269 669 vos,
290 623 530 672 Trojugenze‚
551 624 652 659 vobis
671 623 876 671 ignoscitis,
896 631 945 667 et,
965 635 1047 670 quae

122 675 267 723 Turpia
287 677 451 721 cerdoni,
474 676 627 712 Volesos
644 675 873 722 Brutumque
894 675 1092 711 decebunt.

122 726 241 772 Quid,
261 728 290 763 si
310 740 501 775 nunquam
523 725 615 763 adeo
638 727 743 762 foedis
764 725 931 774 adeoque
952 725 1138 774 pudendis

123 778 268 815 Utiniur
288 779 479 828 exemplis,
496 787 536 815 ut
556 792 630 815 non
652 779 774 826 pejora
795 779 1006 826 supersint?

121 829 361 878 Consumptis
380 831 511 879 opibus
532 843 673 875 vocem,
695 830 933 878 Damasippo,
954 829 1085 866 locasti

121 882 278 930 Sipario,
296 882 499 918 clamosum
519 895 650 930 ageres
672 889 710 917 ut
728 881 887 917 Phasma
907 881 1055 917 Catulli.

119 933 343 970 Laureolum
366 934 471 969 velox
489 934 600 969 etiam
623 933 717 968 bene
738 933 921 968 Lentulus
941 934 1030 981 egit,

121 984 259 1021 Judice
280 998 353 1029 me,
374 986 510 1033 dignus
530 986 615 1021 vera
635 997 759 1020 cruce.
815 984 901 1020 Nec
921 993 1047 1021 tamen
1067 984 1136 1033 ipsi

119 1036 298 1085 Ignoscas
317 1037 451 1085 populo
468 1050 475 1080 3
505 1036 628 1085 populi
651 1036 750 1072 frons
769 1037 894 1073 durior
916 1037 1038 1085 liujus,

117 1088 198 1127 Qui
218 1090 334 1134 sedet,
355 1096 391 1124 et
407 1097 549 1137 spectat
567 1089 757 1124 triscurria
776 1088 1029 1136 patriciorum,

117 1139 340 1188 Planipedes
361 1141 462 1176 audit
484 1140 631 1184 Fabios,
654 1140 773 1176 ridere
794 1148 912 1188 potest
930 1141 993 1188 qui

118 1190 398 1228 Mamercorum
420 1192 556 1240 alapas.
613 1192 759 1230 Quanti
779 1205 846 1227 sua
867 1192 998 1228 funera
1018 1192 1194 1237 vendant,

115 1243 221 1282 Quid
244 1243 383 1280 refert?
412 1244 576 1280 vendunt
598 1243 698 1279 nullo
720 1251 878 1291 cogente
899 1243 1066 1289 Nerone,

115 1294 201 1331 Nec
221 1295 394 1331 dubitant
415 1295 504 1331 celsi
525 1296 689 1343 praetoris
710 1296 871 1331 vendere
893 1296 999 1331 ludis.

115 1346 236 1395 Finge
256 1354 382 1384 tamen
402 1347 546 1396 gladios
566 1347 667 1392 inde,
688 1355 797 1395 atque
819 1348 906 1383 hinc
926 1348 1067 1396 pulpita
1086 1361 1182 1396 pone
1200 1362 1208 1385 t
1254 1366 1257 1368 >

113 1398 220 1437 Quid
241 1400 382 1436 satius?
438 1399 598 1435 Mortem
619 1400 672 1435 sic
692 1401 884 1447 quisquam
906 1400 1109 1445 exhorruit,
1131 1408 1170 1437 ut
1189 1401 1236 1437 sit

114 1450 319 1500 Zelotypus
339 1451 556 1499 Thymele&
577 1452 714 1498 stupidi
735 1451 878 1498 collega
899 1451 1097 1488 Corinthi?

113 1501 194 1539 Res
214 1504 311 1539 haud
333 1504 424 1540 mira
443 1511 580 1547 tamen,
602 1504 806 1539 citharoedo
825 1503 1015 1552 Principe,
1033 1504 1169 1540 mimus

112 1553 273 1591 Nobilis.
331 1555 426 1590 Haec
446 1556 553 1599 ultra,
573 1555 660 1602 quid
682 1555 751 1590 erit
772 1555 841 1590 nisi
862 1555 999 1591 ludus?
1055 1556 1104 1591 Et
1123 1557 1214 1592 illud

112 1606 289 1642 Dedecus
309 1606 420 1643 Urbis
441 1608 554 1643 habes
572 1619 578 1642 :
610 1618 680 1642 nec
697 1607 929 1643 mirmillonis
946 1608 982 1643 in
1004 1608 1128 1653 armis,

113 1657 199 1694 Nec
218 1658 349 1706 clypeo
368 1659 582 1707 Gracchum
603 1666 847 1706 pugnantem,
869 1667 932 1695 aut
954 1659 1048 1695 falce
1068 1660 1204 1708 supina
1221 1672 1230 1704 ;

113 1708 296 1758 (Damnat
316 1711 416 1746 enim
436 1710 528 1746 tales
549 1711 717 1754 habitus3
747 1711 811 1746 sed
835 1711 998 1756 damnat,
1016 1718 1052 1747 et
1070 1712 1166 1760 odit)

111 1760 195 1798 Nec
214 1762 321 1810 galea
339 1763 495 1798 stentem
517 1763 734 1798 abscondit:
765 1770 887 1798 movet
906 1776 996 1799 ecce
1016 1763 1229 1809 tridentem,

110 1812 309 1861 Postquam
329 1815 460 1850 librata
481 1815 683 1862 pendentia
704 1815 794 1850 retia
814 1815 942 1850 dextra

110 1863 374 1913 Nequidquam
395 1866 538 1911 effudit,
559 1867 702 1901 nudum
724 1866 768 1901 ad
790 1866 1004 1913 spectacula
1023 1866 1166 1902 vultum

110 1915 244 1964 Erigit,
265 1925 301 1953 et
321 1918 397 1953 tota
418 1917 511 1966 fugit
531 1918 792 1964 agnoscendus
813 1918 937 1953 arena.

109 1967 316 2004 Credamus
335 1969 486 2013 tumere,
507 1970 552 2004 de
575 1969 743 2004 faucibus
759 1982 869 2005 aurea
888 1982 1002 2017 quum
1022 1982 1061 2005 se

107 2019 289 2069 Porrigat,
309 2028 346 2057 et
365 2020 476 2069 longo
491 2021 650 2069 jactetur
670 2022 766 2068 spira
785 2021 921 2067 galero.

107 2071 209 2120 Ergo
231 2073 474 2121 ignominiam
495 2073 699 2121 graviorem
720 2072 870 2120 pertulit
889 2073 991 2109 omni

108 2123 288 2169 Vulnere,
309 2137 395 2160 cum
414 2125 589 2160 Graccho
604 2124 730 2172 jussus
750 2137 916 2172 pugnare
936 2132 1095 2161 secutor.

158 2175 293 2211 Libera
313 2177 341 2212 si
364 2176 498 2212 dentur
518 2176 652 2224 populo
671 2176 860 2223 suffragia,
882 2176 964 2223 quis
984 2184 1060 2212 tam

106 2226 290 2272 PerdituS,
306 2234 344 2263 ut
364 2228 507 2263 dubitet
528 2228 712 2263 Senecam
735 2228 907 2275 praeferre
927 2227 1093 2273 Neroni;

106 2278 224 2327 Cujus
243 2279 426 2327 supplicio
445 2292 518 2315 non
540 2279 669 2315 debuit
690 2291 765 2315 una
784 2279 902 2327 parari

106 2331 237 2376 Simia,
258 2343 328 2366 nec
349 2343 501 2379 serpens
522 2343 630 2376 unus,
652 2343 722 2366 nec
743 2331 872 2366 culeus
893 2332 1015 2367 unus?

105 2381 176 2418 Par
197 2383 530 2430 Agamemnonidae
551 2383 714 2425 crimen;
745 2383 809 2418 sed
829 2395 942 2419 causa
963 2383 1051 2419 facit
1070 2395 1147 2419 rem

105 2432 344 2470 Dissimilem.
399 2435 552 2482 Quippe
576 2434 648 2479 ille,
669 2434 748 2469 deis
768 2434 993 2479 auctoribus,
1015 2434 1109 2471 ultor

103 2484 224 2523 Patris
242 2496 315 2524 erat
339 2486 425 2522 caesi
446 2487 568 2522 media
585 2487 679 2522 inter
699 2486 854 2534 pocula;
884 2487 947 2522 sed
970 2498 1040 2522 nec

1355 570 1429 606 180

1354 828 1426 864 185

1350 1087 1423 1123 190

1346 1350 1420 1386 195

1338 1609 1417 1646 200

1335 1868 1413 1904 205

1332 2126 1410 2163 210

1327 2384 1405 2422 215
