1596 2779
657 144 818 177 SATIRA
845 144 905 176 VI.

173 240 410 279 Conventum
429 248 567 286 tamen,
587 248 623 277 et
642 248 806 289 pactum,
827 248 862 276 et
882 240 1079 288 sponsalia,
1100 240 1225 277 nostra

121 291 362 342 Tempestate
382 306 501 342 paraS,
518 293 667 341 jamque
688 305 707 327 a
728 300 875 328 tonsore
896 293 1071 340 magistro

122 345 302 391 Pecteris,
322 354 359 381 et
378 345 494 393 digito
514 345 650 392 pignus
671 344 824 379 sortasse
843 344 990 379 dedisti.

122 396 236 434 Certe
257 410 371 433 sanus
390 397 496 434 eras!
530 396 703 441 Uxorem,
726 395 914 440 Postume,
935 396 1069 432 ducis?

120 449 207 495 Dic,
227 450 300 497 qua
320 448 541 497 Tisiphone,
561 448 694 495 quibus
713 448 904 495 exagitare
924 447 1110 483 colubris?

119 501 234 537 Ferre
254 509 358 549 potes
378 501 567 536 dominam
588 500 696 535 salvis
715 506 768 535 tot
789 500 946 536 restibus
967 500 1092 545 ullam,

117 553 252 592 Quum
271 560 421 601 pateant
440 552 522 588 altae
544 551 822 599 caligantesque
845 551 1028 597 fenestras,

117 604 251 643 Quum
271 604 336 640 tibi
357 605 521 640 vicinum
542 616 580 639 se
600 603 762 651 praebeat
784 603 958 639 AElmilius
977 616 1070 651 pons
1081 603 1150 639 'l—

118 656 195 692 Sed
215 656 337 704 placet
358 655 505 692 Ursidio
524 655 582 691 lex
603 654 704 690 Julia
722 667 728 690 :
758 655 887 691 tollere
907 655 1056 691 dulcem

117 708 267 756 Cogitat
287 708 473 744 haeredem
492 707 674 744 cariturus
693 714 835 743 turture
855 719 1004 753 magno,

118 759 395 807 Mullorumque
411 760 523 808 jubis,
545 767 581 795 et
600 766 789 807 captatore
810 758 977 794 macello.

115 811 222 850 Quid
243 812 321 848 fieri
342 824 417 848 non
437 824 544 859 posse
564 819 684 859 puteS‚
705 811 734 845 si
751 810 920 859 jungitur
941 810 1015 846 ulla

115 863 265 900 Ursidio
277 865 291 900 ’ἱ
320 864 350 899 si
370 864 599 899 moechorum
621 862 835 898 notissimus
854 862 941 897 olim

116 915 240 951 Stulta
259 915 419 952 maritali
436 915 513 963 jam
532 914 687 962 porrigit
705 926 770 949 ora
789 914 964 962 capistro,

113 966 244 1006 Quem
264 967 374 1003 toties
394 966 484 1003 texit
503 966 657 1014 perituri
678 965 773 1001 cista
793 966 949 1001 Latini?

113 1018 247 1058 Quid?
275 1017 375 1067 quod
396 1026 434 1055 et
453 1018 616 1065 antiquis
638 1030 728 1053 uxor
749 1018 794 1053 de
815 1018 979 1054 moribus
999 1017 1052 1054 illi

113 1070 321 1109 Quaeritur.
377 1070 413 1106 O
433 1070 583 1115 medici,
604 1070 766 1105 mediam
787 1070 1000 1117 pertundite
1020 1070 1175 1106 venam!

113 1121 281 1159 Delicias
301 1122 482 1158 hominis!
540 1121 746 1169 Tarpeium
770 1121 882 1157 limen
905 1122 1017 1158 adora

113 1173 274 1219 Pronus,
295 1180 332 1210 et
352 1181 519 1210 auratam
540 1173 681 1210 Junoni
702 1174 804 1209 caede
823 1173 1037 1221 juvencam,

113 1226 155 1262 Si
174 1226 242 1262 tibi
262 1225 462 1274 contigerit
481 1225 614 1273 capitis
633 1231 804 1261 matrona
821 1225 959 1273 pudici.

112 1276 249 1313 Paucae
269 1275 362 1314 adeo
384 1277 533 1313 Cereris
553 1277 661 1313 vittas
681 1276 900 1325 contingere
921 1277 1057 1325 dignae,

110 1328 287 1368 Quarum
302 1336 380 1365 'non
400 1329 530 1365 timeat
549 1337 653 1377 pater
673 1329 813 1365 oscula.
870 1329 992 1365 Necte
1012 1341 1190 1365 coronam

111 1380 298 1427 Postibus,
318 1388 356 1418 et
374 1382 510 1418 densos
529 1394 593 1429 per
614 1381 744 1416 limina
763 1381 874 1417 tende
894 1381 1100 1428 corymbos.

110 1432 218 1469 Unus
238 1432 400 1470 Iberinae
420 1433 472 1468 vir
493 1433 657 1469 sufficit?
711 1432 832 1469 Ocius
854 1433 945 1469 illud

110 1484 372 1533 Extorquebis‚
393 1492 433 1520 ut
453 1486 533 1520 haec
552 1485 661 1521 oculo
681 1493 858 1521 contenta
877 1485 924 1520 sit
943 1497 1028 1521 uno.

163 1537 308 1586 Magna
327 1544 452 1574 tamen
474 1537 572 1572 fama
593 1544 649 1572 est
669 1537 866 1584 cujusdam
890 1549 974 1573 rure
994 1544 1149 1584 paterno

108 1588 289 1625 Viventis.
346 1589 457 1625 Vivat
475 1588 620 1633 Gabiis,
641 1596 681 1624 ut
702 1589 789 1626 vixit
810 1589 846 1624 in
868 1601 981 1637 agro;

109 1641 222 1677 Vivat
241 1640 417 1677 Fidenis!
475 1640 522 1676 Et
544 1640 664 1688 agello
684 1641 778 1676 cedo
799 1647 956 1688 paterno
974 1652 981 1675 :

106 1692 208 1731 Quis
227 1700 352 1729 tamen
374 1692 543 1737 affirmat,
565 1692 613 1727 nil
637 1699 761 1727 actum
783 1693 820 1728 in
842 1692 1042 1737 montibus,
1064 1699 1128 1729 aut
1147 1693 1185 1729 in

107 1744 334 1793 Speluncis?
364 1743 474 1780 Adeo
495 1751 701 1780 senuerunt
721 1743 868 1791 Jupiter
888 1751 924 1780 et
946 1743 1078 1780 Mars?

158 1795 417 1833 Porticibusne
436 1796 503 1832 tibi
523 1804 747 1832 monstratur
769 1796 921 1831 foemina
937 1803 1020 1832 voto

105 1846 234 1896 Digna
254 1849 346 1884 tuo'!
375 1848 518 1884 Cuneis
539 1861 586 1884 an
609 1849 747 1883 habent
766 1848 980 1895 spectacula
999 1849 1097 1894 totis,

103 1899 220 1938 Quod
240 1912 393 1936 securus
413 1912 527 1944 ames,
548 1900 718 1947 quodque
739 1900 825 1935 inde
845 1912 1044 1947 excerpere
1064 1899 1182 1948 possis
1193 1901 1263 1936 ’.Ρ-

105 1951 261 2000 Accipis
281 1964 446 1996 uxorem,
467 1951 512 1987 de
532 1951 605 1998 qua
625 1952 853 1987 citharoedus
874 1951 1020 1987 Echion

105 2003 184 2039 Aut
201 2003 414 2051 Glaphyrus
434 2003 496 2038 fiat
515 2011 630 2051 pater,
652 2003 946 2050 Ambrosiusque
966 2003 1170 2040 choraules.

103 2054 234 2104 Longa
254 2067 318 2103 per
337 2062 513 2103 angustos
533 2055 689 2103 figamus
709 2052 849 2103 pulpita
865 2056 987 2091 vicos:
1227 2081 1244 2095 .

102 2105 296 2143 Ornentur
314 2114 450 2154 postes,
470 2114 507 2142 et
527 2107 658 2155 grandi
675 2107 790 2155 janua
810 2107 925 2152 lauro,

102 2157 152 2194 Ut
170 2159 381 2195 testudineo
400 2159 478 2204 tibi,
500 2158 670 2204 Lentule,
692 2172 859 2207 conopeo

100 2209 249 2246 Nobilis
270 2210 471 2258 Euryalum
494 2210 753 2247 mirmillonem
774 2211 954 2258 exprimat
974 2211 1106 2249 infans.

154 2261 283 2310 Nupta
303 2262 463 2298 senatori
484 2262 658 2298 comitata
677 2270 732 2298 est
754 2262 892 2311 Hippia
911 2262 1054 2299 ludium

100 2313 163 2349 Ad
184 2313 344 2359 Pharon,
364 2322 401 2350 et
421 2313 566 2359 Nilum,
588 2314 798 2362 famosaque
820 2314 956 2350 moenia
976 2315 1084 2364 Lagi,

100 2364 275 2413 Prodigia
294 2374 331 2402 et
353 2378 472 2402 mores
492 2365 602 2402 Urbis
622 2366 824 2402 damnante
845 2367 1010 2414 Canopo.

99 2415 301 2454 Immemor
321 2418 382 2454 illa
401 2418 546 2463 domu&
566 2426 603 2454 et
623 2418 804 2466 conjugis,
825 2427 933 2466 atque
953 2419 1099 2464 sororis,

98 2467 163 2504 Nil
184 2469 310 2517 patriae
332 2469 511 2514 indulsit;
541 2470 799 2518 plorantesque
821 2471 988 2518 improba
1008 2478 1127 2517 natOS,

413 2521 437 2557 3

1376 149 1430 277 &32⁰1

1374 498 1427 536 30

1369 1018 1421 1057 40

1300 1516 1415 1576 ’50

1359 1798 1473 1839 55.
