1596 2779
166 133 214 169 10
576 130 616 159 D.
642 129 768 159 JUNH
792 128 1050 159 JUVENALIS

164 223 214 260 Et
230 236 322 272 quos
341 222 529 271 praecipue
552 223 705 272 fugiam,
725 222 929 271 properabo
950 221 1067 267 fateri,

163 275 249 311 Nec
270 275 386 318 pudor
405 275 575 311 obstabit.
632 274 720 311 Non
740 287 888 322 possum
912 274 1018 318 ferre,
1037 273 1222 318 Quirites,

163 327 334 363 Graecam
355 327 504 362 urbem:
521 326 692 375 quamvis
705 333 815 373 quota
835 326 953 374 portio
974 325 1075 361 saecis
1095 324 1256 361 Achaei?

163 378 248 414 Jam
269 378 412 427 pridem
434 379 550 425 Syrus
570 378 606 413 in
627 377 797 413 Tiberim
820 376 974 413 defluxit
993 376 1168 422 Orontes,

163 430 213 466 Et
232 430 414 478 linguam,
433 437 471 465 et
485 442 620 475 moreS‚
640 436 678 465 et
696 442 782 465 cum
803 429 957 465 tibicine
979 429 1138 465 chordas

162 482 358 530 Obliquas,
380 494 450 517 nec
467 494 540 517 non
561 481 716 529 gentilia
734 489 909 529 tympana
929 493 1056 516 secum

164 534 290 580 Vexit,
310 542 347 569 et
367 533 412 569 ad
434 533 588 568 Circum
605 533 727 582 jussas
746 541 910 581 prostare
931 532 1083 580 puellas,

164 585 234 631 Ite,
253 585 387 634 quibus
406 592 510 633 grata
529 592 585 621 est
603 586 703 633 picta
724 584 810 633 lupa
831 584 986 620 barbara
1005 584 1127 620 mitra.

164 638 345 674 Rusticus
365 637 424 673 ille
444 645 530 673 tuns
549 637 661 673 sumit
685 637 940 684 trechedipna,
959 636 1137 682 Quirine,

164 689 212 726 Et
233 689 459 726 ceromatico
480 689 548 725 sert
569 689 749 725 niceteria
768 688 876 724 collo.

165 741 240 777 Hic
261 741 333 777 alta
355 742 530 788 Sicyone,
554 749 608 777 ast
628 741 690 776 hic
711 741 910 787 Amydone
931 739 1075 784 relicta,

166 794 241 829 Hic
261 793 406 838 Andro,
424 793 483 828 ille
504 793 630 838 Samo,
647 792 708 828 hic
728 791 933 837 Trallibus,
954 799 1016 827 aut
1036 790 1259 836 Alabandis,

164 845 350 893 Esquilias
369 845 585 892 dictumque
605 851 737 893 petunt
756 857 776 880 a
796 843 934 879 vimine
955 843 1102 888 collem,

165 897 322 933 Viscera
343 909 561 944 magnarum
583 897 760 932 domuum
782 895 998 943 dominique
1019 894 1145 931 futuri.

165 948 365 997 Ingenium
387 948 502 994 velox,
524 948 680 984 audacia
700 948 856 996 perdita,
877 959 998 983 sermo

164 1001 362 1049 Promptus
394 1008 431 1036 et
451 999 546 1036 Isaeo
566 1000 772 1036 torrentior.
830 999 924 1045 Ede,
945 999 1033 1046 quid
1053 998 1156 1034 illum

164 1053 258 1089 Esse
278 1053 410 1101 putes?
440 1052 607 1100 quemvis
628 1052 817 1088 hominem
839 1063 967 1087 secum
989 1051 1110 1087 attulit
1130 1051 1176 1087 ad
1196 1063 1264 1087 nos
1282 1063 1290 1086 ε

164 1105 455 1149 Grammatich
476 1104 614 1149 rhetor,
636 1112 857 1152 geometres,
877 1103 1008 1151 pictor,
1030 1102 1172 1151 aliptes,

165 1158 312 1205 Augur,
333 1156 605 1201 schoenobates,
626 1156 808 1201 medicus,
830 1167 982 1203 magus:
1011 1155 1138 1190 omnia
1156 1155 1268 1191 novit.

164 1187 360 1245 Graeculus
380 1208 548 1244 esuriens
568 1208 605 1243 in
626 1207 775 1253 omium,
793 1207 959 1255 jusseris,
981 1206 1058 1242 ibit.

1418 272 1470 309 60

1419 530 1470 567 65

1419 791 1471 827 70

1417 1051 1468 1087 75

164 1261 226 1296 Ad
247 1273 444 1305 summam,
464 1273 538 1296 non
561 1259 717 1295 Maurus
736 1267 827 1303 erat,
848 1271 969 1306 neque
990 1259 1174 1304 Sarmata,
1194 1270 1266 1295 nec
1285 1257 1430 1303 Thrax,

162 1312 243 1351 Qui
264 1312 420 1360 sumpsit
439 1324 594 1360 pennaS,
615 1311 748 1347 mediis
768 1289 832 1346 sed
855 1318 963 1346 natus
984 1310 1156 1346 Athenis.

164 1364 309 1401 Horum
331 1377 400 1409 ego
421 1377 495 1400 non
517 1363 657 1411 fugiam
677 1363 900 1410 conchylia?
930 1375 988 1398 me
1008 1362 1107 1411 prior
1128 1362 1190 1399 ille

164 1415 337 1463 Signabit
352 1404 369 1450 ⁵?
396 1416 580 1463 fultusque
601 1423 683 1451 toro
703 1415 855 1451 meliore
876 1415 1069 1450 recumbet

163 1468 362 1504 Advectus
382 1467 560 1512 Romam,
581 1480 654 1515 quo
672 1479 792 1515 pruna
819 1474 856 1502 et
876 1474 1024 1502 cottana
1045 1466 1181 1503 vento?

162 1520 288 1568 Usque
308 1518 402 1555 adeo
423 1520 513 1555 nihil
535 1528 603 1564 est,
619 1518 719 1567 quod
740 1527 864 1555 nostra
884 1518 1040 1555 infantia
1059 1518 1195 1554 coelum

163 1572 301 1609 Hausit
320 1572 550 1608 Aventinum
573 1572 689 1607 bacca
709 1571 847 1607 nutrita
867 1570 1035 1606 Sabina?

161 1624 283 1670 Quid,
304 1623 404 1672 quod
426 1623 603 1660 adulandi
624 1635 717 1671 gens
737 1623 1026 1671 prudentissima
1046 1622 1174 1659 laudat

165 1677 386 1713 Sermonem
409 1675 562 1720 indocti,
584 1675 716 1710 faciem
738 1675 914 1710 deformis
934 1674 1058 1719 amici,

163 1727 212 1764 Et
230 1729 382 1776 longum
400 1728 550 1763 invalidi
571 1727 708 1763 collum
729 1726 937 1762 cervicibus
958 1733 1078 1773 aequat

164 1780 355 1825 Herculis,
376 1780 553 1815 Antaeum
574 1779 701 1827 procul
723 1791 744 1814 a
764 1778 895 1814 tellure
915 1778 1078 1814 tenentis
1089 1778 1158 1814 2-—

164 1832 260 1868 Haec
280 1833 410 1868 eadem
432 1832 521 1867 licet
540 1839 577 1867 et
597 1831 704 1868 nobis
723 1830 898 1866 laudare:
927 1830 991 1866 sed
1014 1830 1086 1866 illis

155 1884 350 1920 Creditur.

163 1936 248 1972 Nec
269 1944 393 1972 tamen
414 1935 640 1981 Antiochus,
660 1948 731 1971 nec
751 1935 820 1971 erit
840 1934 1020 1971 mirabilis
1040 1933 1117 1970 illic

164 1989 243 2024 Aut
265 1987 480 2032 Stratocles,
501 1996 564 2023 aut
583 1999 669 2022 cum
692 1987 793 2023 molli
814 1986 1032 2023 Demetrius
1052 1986 1197 2023 Haemo.

164 2039 280 2076 Natio
300 2040 470 2075 comoeda
489 2047 554 2074 est.
612 2039 758 2075 Rides?
787 2038 942 2075 meliore
963 2037 1155 2074 cachinno

165 2091 411 2128 Concutitur:
442 2090 517 2135 flet,
538 2091 568 2127 si
588 2091 770 2138 lacrymas
789 2089 982 2138 conspexit
1003 2089 1128 2135 amici,

164 2143 249 2179 Nec
269 2144 369 2179 dolet
387 2156 394 2178 z
425 2143 632 2191 igniculum
653 2143 795 2178 brumae
815 2142 844 2177 si
865 2149 1032 2190 tempore
1054 2154 1198 2190 poscas,

166 2196 318 2243 Accipit
337 2195 582 2231 endromiden
602 2207 609 2229 2
650 2195 679 2230 si
701 2194 850 2239 dixeris,
872 2203 1000 2238 aestuo,
1020 2194 1138 2229 sudat.

165 2247 253 2283 Non
275 2260 404 2282 sumus
423 2244 512 2294 ergo
533 2258 662 2294 pares:
693 2245 836 2290 melior,
857 2246 918 2293 qui
939 2258 1084 2293 semper
1104 2253 1141 2282 et
1159 2244 1262 2282 omni

165 2298 288 2335 Nocte
305 2299 438 2346 dieque
457 2305 577 2346 potest
598 2297 761 2334 alienum
781 2310 927 2333 sumere
947 2297 1104 2343 vultum,

165 2352 201 2387 A
223 2351 317 2386 facie
336 2351 479 2398 jactare
499 2362 645 2394 manuS,
666 2349 818 2385 laudare
838 2357 1055 2397 paratus.—

166 2403 272 2438 Scire
292 2402 420 2438 volunt
439 2409 583 2437 secreta
602 2402 734 2437 domus
755 2409 864 2449 atque
888 2401 974 2437 inde
995 2401 1128 2437 timeri.

218 2454 267 2490 Et
286 2454 462 2502 quoniam
482 2454 595 2503 coepit
614 2453 832 2490 Graeoorum
853 2453 1005 2499 mentio,
1025 2453 1141 2490 transi

1418 1309 1471 1346 80

1418 2089 1472 2126 95

1399 2348 1474 2385 100
