1596 2779
623 173 720 204 SATI
731 174 784 203 im
812 173 908 203 vm.

111 268 302 314 Gaurana,
322 274 359 304 et
379 267 504 304 Cosmi
526 274 603 303 toto
624 275 811 315 mergatur
833 269 940 303 aeno.

112 319 339 368 Exspectata
358 317 423 356 diu
443 320 596 355 tandem
617 319 809 367 provincia
830 331 945 365 quum
968 324 1004 353 te

112 371 317 408 Rectorem
337 371 509 419 accipiet,
529 384 626 419 poue
647 371 709 406 irre
732 371 846 406 frtena
866 371 1108 417 modumque,

112 423 215 460 Pone
234 429 271 459 et
291 423 451 459 avaritiae
468 435 475 466 ;
506 423 680 458 miserere
701 422 853 470 inopum
875 422 1071 457 sociorum.

111 475 211 512 Ossa
231 475 333 511 vides
353 486 483 522 regum
505 474 632 510 vacuis
652 481 806 510 exsucta
826 474 1010 509 medullis.

112 527 291 575 Respice,
311 525 400 574 quid
421 533 598 562 moneant
618 526 733 574 leges,
753 526 841 572 quid
862 526 967 561 curia
986 526 1152 571 mandet,

112 578 271 614 Praemia
290 585 429 625 quanta
449 578 565 614 bonos
585 584 775 622 maneant,
795 575 908 624 quam
931 577 1087 613 fulmine
1103 577 1204 625 justo

112 630 161 667 Et
181 630 314 678 Capito
333 637 371 666 et
390 629 567 666 Numitor
588 629 744 674 ruerint,
765 630 968 665 damnante
990 636 1135 675 senatu,

112 681 247 718 Piratae
268 681 444 718 Cilicum.
501 682 576 717 Sed
597 681 683 728 quid
707 680 897 716 damnatio
916 681 1074 726 confert,

110 734 243 773 Quum
265 734 387 770 Pansa
406 733 550 782 eripiat,
570 733 750 781 quidquid
771 733 836 768 tibi
859 732 975 768 Natta
996 732 1176 781 reliquit?

112 784 345 831 Praeconem,
366 786 576 834 Chaerippe,
597 785 670 820 tuis
692 785 941 832 circumspice
960 785 1109 833 pannis,

113 836 272 885 Jamque
293 844 385 873 tace.
443 837 562 873 Furor
582 844 638 872 est
655 843 739 885 ,post
757 837 884 872 omnia
903 837 1059 884 perdere
1080 838 1245 874 naulum.

111 888 200 926 Non
222 889 319 925 idem
340 889 501 937 gemitus
520 889 622 934 olim,
644 901 765 936 neque
787 888 922 924 vulnus
943 896 1022 924 erat
1041 903 1106 938 par

113 940 358 986 Damnorum,
380 941 491 977 sociis
511 940 728 977 florentibus
748 947 785 976 et
804 939 914 976 modo
936 941 1055 976 vietis.

112 993 230 1030 Plena
249 993 380 1029 domus
400 1000 491 1028 tunc
511 992 645 1037 omnis,
666 1000 703 1028 et
724 992 856 1040 ingens
877 993 996 1028 stabat
1017 1006 1173 1029 acervus

111 1044 377 1090 Nummorum,
395 1045 581 1093 Spartana
599 1045 779 1092 chlamyS,
796 1044 995 1092 conchylia
1016 1045 1108 1092 Coa,

113 1097 162 1133 Et
181 1109 267 1133 cum
288 1096 472 1132 Parrhasii
493 1097 631 1132 tabulis
651 1096 842 1144 signisque
863 1096 1031 1144 Myronis

112 1149 334 1185 Phidiacum
354 1149 498 1185 vivebat
517 1148 620 1194 ebur,
641 1161 712 1184 nec
733 1162 807 1185 non
830 1149 1005 1196 Polycleti

112 1200 257 1236 Multus
277 1200 412 1248 ubique
433 1200 557 1236 labor:
588 1213 679 1236 rarae
701 1200 781 1236 sine
803 1200 974 1236 Mentore
996 1213 1145 1238 mensae.

112 1250 209 1288 Inde
231 1252 424 1288 Dolabella
444 1260 500 1289 est
515 1259 624 1300 atque
646 1252 733 1287 hinc
754 1253 956 1297 fintenum,
978 1253 1065 1288 inde

113 1304 328 1353 Sacrilegus
348 1304 485 1340 Verres
503 1317 510 1340 :
540 1304 750 1340 referebant
770 1305 929 1340 navibus
949 1305 1031 1340 altis

111 1356 274 1393 Occulta
293 1356 421 1405 spolia,
442 1364 478 1392 et
497 1356 621 1405 plures
640 1357 686 1392 de
706 1369 798 1404 paee
820 1357 1038 1405 triumphos,

112 1408 228 1445 Nunc
248 1409 357 1445 sociis
373 1408 464 1457 juga
482 1421 601 1456 pauca
622 1408 746 1453 boum,
767 1422 856 1457 grex
876 1421 1009 1456 parvus
1028 1421 1220 1456 equarum,

112 1460 162 1497 Et
180 1468 283 1508 pater
304 1460 459 1496 armenti
480 1468 588 1509 capto
607 1460 783 1508 eripiatur
804 1461 946 1509 agello:

111 1512 189 1561 Ipsi
209 1512 344 1548 deinde
364 1512 492 1558 Lares,
513 1513 541 1547 si
561 1513 659 1560 quod
680 1513 881 1560 spectabile
901 1513 1063 1560 signum,

113 1565 155 1601 Si
173 1564 255 1613 quis
275 1564 313 1600 in
335 1564 493 1600 {edicula
513 1565 606 1599 deus
626 1565 772 1600 unicus.
831 1564 926 1600 Haec
947 1565 1087 1600 etenim
1107 1572 1193 1601 sunt

115 1616 187 1653 Pro
206 1616 383 1652 summis:
413 1629 499 1651 nam
521 1623 607 1652 sunt
628 1617 707 1652 haec
729 1617 902 1652 maxima.
959 1616 1155 1664 Despicias
1174 1624 1214 1652 tu

113 1668 285 1705 Forsitan
305 1668 472 1704 imbelles
492 1668 676 1713 Rhodios,
698 1676 924 1716 unctamque
942 1668 1175 1705 Corinthon:

111 1719 307 1769 Despicias
326 1717 471 1756 merito.
525 1719 632 1759 Quid
654 1721 815 1756 resinata
830 1720 1018 1768 juventus,

111 1772 303 1820 Cruraque
322 1772 434 1808 totius
454 1772 592 1808 facient
612 1772 678 1808 tibi
699 1773 792 1808 levia
813 1773 935 1821 gentis
951 1774 965 1808 ’ἔ

111 1824 275 1861 Horrida
296 1824 446 1860 vitanda
465 1831 522 1859 est
542 1824 740 1872 Hispania,
760 1825 929 1861 Gallicus
949 1824 1041 1870 axis,

111 1876 377 1924 Illyricumque
397 1876 493 1912 latus
511 1889 518 1911 ε
548 1889 658 1924 parce
675 1884 711 1912 et
732 1877 956 1912 messoribus
978 1877 1062 1924 illis,

110 1928 191 1967 Qui
211 1934 378 1964 saturant
398 1928 540 1973 urbem,
561 1928 674 1964 Circo
694 1940 889 1976 scenaeque
911 1938 1117 1966 vacantem.

110 1980 267 2019 Quanta
283 1986 407 2015 autem
427 1980 514 2015 inde
536 1979 631 2016 feres
651 1988 724 2016 tam
746 1981 836 2016 dirffl
857 1981 1008 2028 praemia
1025 1981 1157 2029 culpae,

110 2032 242 2071 Quum
263 2039 394 2068 tenues
414 2044 532 2079 nuper
552 2030 696 2067 Marius
716 2032 935 2068 discinxerit
955 2033 1096 2070 Afros?

111 2083 331 2120 Curandum
352 2083 390 2120 in
410 2083 551 2132 primis,
571 2096 618 2119 ne
640 2097 775 2132 magna
794 2084 929 2132 injuria
948 2085 1011 2121 fiat

112 2136 286 2173 Fortibus
305 2143 341 2172 et
360 2136 515 2173 miseris,
572 2135 702 2172 Tollas
721 2134 812 2172 licet
831 2149 955 2182 omne,
975 2138 1073 2185 quod
1094 2150 1249 2185 usquam
1272 2147 1326 2175 cst

113 2188 208 2224 Auri
228 2195 336 2235 atque
357 2188 501 2236 argenti
518 2200 526 2232 ;
557 2195 704 2224 scutum
725 2188 965 2236 gladiumque
985 2190 1185 2238 relinqueS,

111 2239 161 2276 Et
176 2239 301 2289 jacula
320 2246 356 2275 et
373 2239 518 2287 galeam
536 2252 543 2275 :
573 2240 737 2288 spoliatis
757 2252 860 2276 arma
879 2249 1088 2289 supersunt.

110 2291 227 2331 Quod
247 2289 358 2327 modo
378 2291 564 2339 proposui,
584 2305 659 2328 non
679 2300 735 2328 est
753 2293 961 2329 sententia:
993 2292 1121 2330 verum

112 2343 278 2389 Credite,
297 2355 357 2379 me
378 2343 478 2379 vobis
499 2343 626 2380 folium
646 2344 803 2380 recitare
821 2344 983 2393 Sibyllae.

114 2395 156 2432 Si
176 2395 243 2432 tibi
263 2403 393 2431 sancta
412 2395 544 2431 cohors
563 2396 757 2442 comitum,
779 2396 809 2431 si
829 2409 941 2433 nemo
961 2397 1122 2433 tribunal

113 2447 256 2484 Vendit
274 2447 560 2493 Acersecomes,
582 2448 611 2483 si
632 2448 775 2484 nullum
797 2448 834 2484 in
855 2448 1015 2497 conjuge
1036 2449 1192 2496 crimen,

115 2498 199 2536 Nec
217 2511 281 2549 per
301 2506 510 2535 conventus
530 2506 566 2535 et
586 2508 724 2536 cuncta
744 2513 808 2549 per
823 2500 959 2549 oppida
979 2502 1102 2537 curvis

1372 175 1424 212 45

1367 474 1421 511 90

1371 733 1422 769 95

1351 993 1423 1030 1οΟ

1350 1253 1423 1290 105

1350 1513 1421 1550 110

1348 1774 1421 1810 115

1348 2034 1420 2071 120

1347 2295 1420 2331 125
