1596 2779
603 154 766 185 SATIRA
791 154 850 184 IV.

80 248 216 285 Dicere
236 249 265 285 si
286 256 407 285 tentes
426 247 578 296 aliquid,
600 249 780 285 tacitusve
802 248 969 293 recedas,

80 301 325 338 Tantundem
344 307 423 345 est3
454 300 591 337 feriunt
610 301 746 348 pariter
764 313 771 336 ς
802 300 1013 336 vadimonia
1032 299 1170 336 deinde

79 352 169 389 Irati
191 353 342 389 faciunt.
398 352 569 388 Libertas
587 353 760 401 pauperis
781 352 862 388 haec
880 359 936 388 est
953 364 959 387 :

80 405 253 441 Pulsatus
273 411 389 453 rogat,
409 411 446 440 et
466 405 602 452 pugnis
624 404 800 440 concisus
819 405 959 449 adorat,

79 456 130 493 Ut
149 457 261 493 liceat
281 456 411 506 paucis
432 468 518 492 cum
539 456 717 492 dentibus
741 456 829 492 inde
849 456 994 492 reverti.

132 508 216 545 Nec
235 516 360 545 tamen
382 508 462 544 haec
481 505 628 544 tantum
649 515 793 544 metuas
811 520 818 543 :
850 520 949 553 nam,
970 507 1032 555 qui
1052 507 1183 556 spoliet
1198 515 1248 554 te,

81 561 167 597 Non
187 561 318 606 deerit,
340 560 476 596 clausis
496 560 681 606 domibus,
701 568 895 608 postquam
915 560 1037 596 omnis
1058 560 1194 608 ubique

79 612 173 650 Fixa
192 620 372 649 catenatae
394 612 494 648 siluit
513 624 695 660 compago
714 612 890 648 tabernae.

79 664 274 701 Interdum
295 672 331 701 et
351 664 447 700 ferro
467 664 610 700 subitus
629 671 815 712 grassator
836 664 912 712 agit
932 676 1023 709 rem,

79 717 236 753 Armato
256 717 400 766 quoties
421 723 509 752 tutae
530 717 684 752 custode
704 723 879 752 tenentur

80 768 129 805 Et
150 769 323 806 Pomtina
341 768 446 817 palus
465 775 503 804 et
521 768 726 804 Gallinaria
746 768 865 816 pinus.

79 821 144 857 Sic
164 821 251 857 inde
272 822 345 857 huc
364 833 507 865 omnes,
528 828 704 867 tanquam
726 821 772 856 ad
793 820 941 865 vivaria,
962 828 1128 857 currunt.

76 873 169 912 Qua
190 873 337 909 fornace
357 884 501 920 graves,
521 873 594 920 qua
615 885 689 907 non
711 873 847 908 incude
869 873 1039 908 catenas?

79 925 267 961 Maximus
288 925 324 961 in
346 924 477 960 vinclis
497 924 581 960 ferri
602 925 746 970 modus,
768 931 806 960 ut
827 924 970 969 timeas,
991 937 1040 961 ne

78 978 217 1014 Vomer
237 976 399 1022 deficiat,
421 989 468 1012 ne
489 989 619 1012 marra}
639 985 675 1012 et
695 976 842 1012 sarcula
862 976 996 1012 desint.

81 1029 231 1066 Felices
250 1041 468 1078 proavorum
492 1036 628 1073 ataVOS,
650 1028 771 1064 felicia
791 1029 894 1064 dicas

79 1082 238 1127 Saecula,
260 1094 342 1129 quae
362 1081 551 1129 quondam
572 1081 641 1116 sub
661 1081 810 1129 regibus
831 1088 940 1128 atque
960 1081 1120 1117 tribunis

78 1134 265 1170 Viderunt
285 1146 359 1169 uno
378 1140 591 1169 contentam
612 1146 763 1168 carcere
786 1132 961 1169 Romam.

132 1185 203 1222 His
222 1185 315 1221 alias
334 1192 498 1233 poteram
521 1192 557 1221 et
576 1185 700 1233 plures
720 1185 941 1221 subnectere
962 1198 1096 1221 causas
1114 1198 1120 1221 :

80 1238 156 1274 Sed
172 1237 342 1286 jumenta
362 1244 508 1282 vocant,
527 1244 564 1273 et
584 1237 635 1272 sol
658 1237 814 1273 inclinat
832 1249 838 1272 ι
868 1237 1036 1273 eundum
1058 1244 1136 1282 est3

78 1289 179 1326 Nam
200 1290 292 1325 mihi
313 1289 499 1325 commota
515 1289 738 1337 jamdudum
760 1289 874 1325 mulio
895 1289 997 1337 virga

79 1341 238 1378 Annuit.
294 1339 395 1390 Ergo
417 1342 496 1377 vale
517 1342 631 1378 nostri
653 1354 806 1387 memor,
827 1349 876 1387 et,
897 1341 1041 1389 quotics
1057 1349 1093 1378 te

79 1394 205 1431 Roma
223 1401 287 1430 tuo
306 1393 408 1430 refici
428 1401 687 1442 properantem
709 1394 840 1430 reddet
861 1394 1024 1441 Aquino,

81 1445 146 1482 Me
165 1459 310 1494 quoque
331 1446 376 1481 ad
398 1446 597 1482 Helvinam
621 1446 798 1482 Cererem
820 1454 1051 1494 vestramque
1072 1446 1236 1483 Dianam

80 1498 259 1535 Convelle
279 1511 300 1534 a
318 1498 461 1534 Cumis.
520 1498 725 1534 Satirarum
747 1511 830 1547 ego,
851 1498 890 1534 ni
910 1499 1024 1547 pudet
1045 1498 1137 1545 illas,

80 1550 240 1600 Adjutor
259 1550 406 1599 gelidos
426 1551 572 1586 veniam
593 1551 775 1598 caligatus
796 1550 832 1586 in
854 1563 972 1599 agros.

578 1735 787 1771 SATIRA
817 1734 884 1771 IV.

131 1814 240 1851 Ecca
261 1814 395 1851 iterum
416 1814 633 1863 Crispinus!
665 1822 701 1850 et
722 1823 778 1850 est
798 1815 887 1850 mihi
909 1813 1007 1863 saepe
1030 1816 1221 1852 vocandus

80 1867 142 1903 Ad
164 1874 299 1916 parteS,
320 1874 527 1902 monstrum
549 1867 651 1902 nulla
674 1866 806 1902 virtute
827 1867 1061 1916 redemptum

80 1920 116 1955 A
139 1919 247 1964 vitiis,
268 1931 379 1967 aeger,
399 1919 550 1966 solaque
570 1919 724 1954 libidine
746 1919 915 1955 fortis.—

78 1970 185 2010 Quid
206 1971 317 2007 refert
337 1970 461 2020 igitur,
481 1970 629 2018 quantis
645 1971 816 2019 jumenta
837 1971 964 2019 fatiget

79 2022 318 2060 Porticibus?
347 2024 486 2070 quanta
507 2035 701 2058 nemorum
722 2029 887 2058 vectetur
907 2022 945 2058 in
967 2023 1126 2060 umbra?

79 2074 219 2124 Jugera
237 2083 325 2123 quot
342 2075 464 2111 vicina
484 2075 573 2120 foro,
593 2088 684 2122 quas
704 2075 836 2111 emerit
856 2075 981 2111 aedes'?

79 2126 203 2164 Nemo
223 2128 342 2164 malus
363 2127 472 2171 felix3
504 2126 659 2163 minime
681 2135 886 2176 corruptor,
904 2134 940 2164 et
961 2128 1058 2164 idem

79 2178 266 2225 Incestus,
287 2192 374 2215 cum
394 2192 468 2227 quo
489 2192 607 2228 nuper
628 2180 756 2215 vittata
772 2179 935 2227 jacebat,

80 2231 275 2280 Sanguine
296 2232 421 2268 adhuc
441 2232 522 2268 vivo
542 2239 679 2267 terram
699 2232 879 2277 subitura,
900 2233 1085 2269 sacerdos.

79 2284 155 2320 Sed
176 2296 279 2320 nunc
299 2284 344 2320 de
366 2283 472 2320 factis
492 2283 692 2320 levioribus
711 2297 717 2319 ε
749 2292 786 2319 et
805 2291 931 2320 tamen
952 2285 1042 2320 alter

79 2335 121 2372 Si
141 2336 290 2372 fecisset
310 2336 424 2381 idem,
444 2336 597 2372 caderet
616 2336 685 2371 sub
703 2336 829 2384 judice
850 2349 1006 2373 morum.

78 2387 180 2424 Nam
200 2388 298 2437 quod
319 2395 426 2436 turpe
447 2388 566 2433 bonis,
587 2387 692 2424 Titio
716 2388 890 2437 Seioque,
911 2389 1069 2425 decebat

79 2439 306 2488 Crispinum.
361 2439 468 2479 Quid
491 2453 592 2488 agas,
613 2453 728 2487 quum
749 2441 828 2476 dira
848 2449 885 2477 et
905 2441 1034 2476 soedior
1053 2441 1156 2478 omni

77 2492 245 2529 Crimine
264 2504 423 2542 persona
442 2493 526 2529 est?
583 2492 743 2528 Mullum
764 2505 828 2529 sex
848 2493 1010 2529 millibus
1029 2494 1130 2540 emit,

1315 821 1393 858 290

1316 1342 1394 1379 300

1370 2025 1395 2062 ΕΠ

1349 2286 1395 2322 10
