1596 2779
624 122 786 153 SATxRA
820 122 878 152 vl.

100 214 232 256 Aptior
252 215 342 252 hora
361 214 460 261 cibo,
482 215 553 251 nisi
573 229 681 263 quam
704 217 848 251 dederit
871 216 1056 251 Petosiris

152 268 193 303 Si
213 267 412 303 mediocris
432 267 521 310 erit3
552 267 711 315 spatium
732 267 901 303 lustrabit
920 268 1092 314 utrinque

102 317 301 364 Metarum,
321 326 358 354 et
377 327 493 355 sortes
512 320 638 363 ducet,
661 319 893 366 frontemque
914 330 1143 367 manumque

98 369 284 406 Praebebit
302 371 374 406 vati
394 371 565 406 crebrum
586 383 789 418 poppysma
805 371 960 418 roganti.

97 421 284 458 Divitibus
304 435 478 470 responsa
499 422 642 457 dabunt
662 421 786 470 Phryx
806 435 924 470 augur
943 430 980 458 et
1000 421 1118 458 Indus

97 473 333 519 Conductus,
355 474 456 510 dabit
475 483 657 510 astrorum
679 475 884 521 mundique
904 475 1056 522 peritus,

97 526 222 572 Atque
242 525 374 572 aliquis
395 526 531 571 senior,
552 525 614 573 qui
634 525 785 573 publica
806 526 952 574 fulgura
972 526 1111 562 condit.

96 575 291 617 Plebeium
313 577 351 613 in
371 576 473 613 circo
493 578 654 625 positum
674 585 730 613 est
748 585 785 613 et
806 577 843 613 in
864 590 1000 626 aggere
1023 578 1149 615 fatum.

92 627 194 666 Quae
217 628 328 664 nullis
348 628 502 677 longum
518 629 681 666 ostendit
696 629 906 665 cervicibus
926 641 1074 675 aurum,

95 679 269 716 Consulit
289 688 375 716 ante
396 681 538 728 phalas,
559 680 894 729 delphinorumque
915 681 1123 727 columnas,

95 731 159 767 An
179 744 269 780 saga
289 732 465 768 vendenti
486 733 602 769 nubat
627 745 797 781 caupone
817 734 958 770 relicto.

147 783 219 819 Hae
241 791 366 820 tamen
386 792 423 820 et
441 785 568 832 partus
588 785 751 821 subeunt
770 785 988 831 discrimen,
1008 791 1046 821 et
1064 797 1195 822 omnes

94 833 265 871 Nutricis
284 835 456 881 tolerant,
478 836 625 872 fortuna
645 844 844 884 urguente,
864 837 1010 873 labores
1027 850 1035 881 ;

95 887 170 922 Sed
189 886 289 935 jacet
309 894 437 923 aurato
457 887 517 922 vix
537 887 612 923 ulla
627 900 811 936 puerpera
830 887 939 924 lecto.

94 937 264 974 Tantum
284 946 380 975 artes
400 938 524 987 hujus,
544 938 690 975 tantum
710 939 962 976 medicamina
980 947 1205 988 possunt.—

147 990 319 1027 Transeo
338 991 558 1039 suppositOS,
574 999 612 1027 et
625 991 775 1040 gaudia,
796 998 951 1039 votaque
971 990 1071 1040 saepe

94 1041 157 1078 Ad
175 1054 330 1090 spurcos
349 1043 506 1092 decepta
525 1043 643 1088 lacus,
664 1051 775 1090 atque
795 1044 883 1079 inde
903 1043 1037 1092 petitos

94 1093 309 1140 Pontifices,
331 1095 464 1141 Salios,
486 1095 714 1131 Scaurorum
735 1095 888 1131 nomina
908 1095 1001 1132 falso

94 1145 260 1194 Corpore
279 1146 429 1182 laturos.
487 1148 569 1182 Stat
589 1146 757 1183 Fortuna
778 1147 946 1196 improba
965 1156 1108 1195 noem„

94 1197 278 1234 Arridens
298 1198 409 1234 nudis
429 1198 644 1234 infantibus.
702 1199 783 1235 Hos
803 1200 899 1236 fovet
917 1212 1061 1246 omneS,

93 1248 325 1298 Involvitque
345 1250 429 1286 sinu
447 1263 454 1286 :
485 1251 657 1286 domibus
676 1257 768 1286 tunc
787 1251 943 1300 porrigit
963 1252 1059 1298 altis,

94 1301 366 1350 Secretumque
386 1302 455 1338 sibi
476 1302 632 1338 mimum
652 1311 766 1351 parat.
825 1303 906 1340 Hos
925 1312 1037 1350 amat,
1058 1304 1116 1341 his
1135 1317 1174 1341 se

92 1353 249 1402 Ingerit,
270 1361 383 1403 utque
403 1367 490 1391 suos
510 1355 636 1391 ridens
656 1356 828 1403 producit
848 1356 1030 1393 alumnos.

145 1406 221 1442 Hic
242 1407 406 1455 magicos
426 1406 531 1443 affert
550 1415 696 1453 cantus,
718 1407 779 1443 hic
799 1407 986 1445 Thessala
1008 1409 1136 1446 vendit

91 1457 248 1504 Philtra,
268 1459 403 1507 quibus
423 1459 543 1496 valeat
563 1466 727 1496 mentem
748 1472 880 1496 vexare
901 1461 1088 1497 mariti.—

91 1509 188 1547 Inde
211 1511 326 1547 animi
346 1510 481 1560 caligo,
502 1519 539 1548 et
560 1524 696 1560 magna
714 1511 850 1549 oblivio
870 1525 1007 1558 rerum,

90 1562 200 1602 Quas
219 1560 330 1600 modo
350 1564 508 1612 gessisti.
565 1563 715 1599 Tamen
736 1564 806 1600 hoc
825 1564 1030 1610 tolerabile,
1050 1565 1081 1602 si
1096 1578 1172 1602 non

91 1614 141 1651 Et
160 1615 282 1652 furere
304 1615 475 1664 incipiaS,
496 1623 536 1651 ut
551 1616 760 1651 avunculus
781 1616 843 1652 ille
863 1616 1041 1663 Neronis,

91 1666 165 1703 Cui
186 1668 300 1704 totam
320 1668 468 1703 tremuli
491 1668 649 1704 frontem
670 1667 845 1704 Caesonia
864 1668 955 1717 pulli

90 1718 245 1755 Infudit.
300 1718 401 1759 Quae
421 1732 496 1756 non
517 1719 642 1765 faciet,
661 1721 760 1767 quod
781 1719 965 1769 Principis
985 1722 1103 1758 uxor'l

90 1771 286 1808 Ardebant
304 1779 455 1818 cuncta,
474 1778 511 1807 et
532 1771 647 1808 fracta
667 1784 848 1820 compage
868 1773 1039 1819 ruebant,

89 1822 178 1861 Non
199 1823 318 1871 aliter,
338 1821 449 1871 quam
472 1825 502 1859 si
523 1823 671 1860 fecisset
690 1823 791 1860 Juno
811 1825 984 1861 maritum

90 1874 283 1911 I'nsanum.
340 1874 471 1912 Minus
491 1874 581 1924 erg&
603 1888 744 1911 nocens
764 1877 833 1912 erit
854 1877 1072 1925 Agrippinae

90 1926 268 1963 Boletus:
298 1927 480 1975 siquidem
504 1928 615 1963 unius
634 1928 839 1976 praecordia
858 1929 991 1977 pressit

91 1977 161 2015 Ille
181 1979 294 2025 senis,
313 1979 586 2027 tremulumque
606 1987 718 2028 caput
737 1980 967 2017 descendere
983 1980 1093 2029 jussit

91 2029 136 2066 In
158 2031 308 2077 coelum,
329 2038 366 2066 et
381 2030 531 2079 longam
552 2032 743 2067 manantia
761 2032 863 2068 labra
883 2033 1046 2069 salivam.

92 2082 186 2118 Haec
204 2083 324 2131 poscit
343 2082 481 2119 ferrum
502 2090 609 2131 atque
629 2083 748 2132 ignes,
770 2084 850 2120 haec
870 2085 969 2133 potio
989 2092 1160 2133 torquet:

90 2133 187 2171 Haec
202 2134 342 2173 lacerat
361 2135 495 2170 mixtos
515 2135 693 2182 Equitum
713 2148 799 2172 cum
820 2137 1003 2185 sanguine
1023 2137 1163 2174 Patres.

89 2185 207 2222 Tanti
227 2194 353 2235 partus
372 2188 497 2235 equae!
528 2187 656 2235 quanti
677 2200 752 2223 una
771 2188 938 2224 venefica
957 2191 1129 2227 constat?

141 2238 316 2275 Oderunt
335 2245 442 2275 natos
462 2239 508 2274 de
528 2239 660 2287 pellice
677 2252 685 2283 3
715 2253 826 2276 nemo
846 2249 1040 2290 repugnet,

89 2289 214 2327 Nemo
234 2297 332 2326 vetet
350 2303 356 2326 :
382 2290 458 2338 jam
475 2290 552 2339 jam
572 2291 782 2340 privignum
802 2293 976 2329 occidere
998 2293 1051 2329 fas
1070 2301 1135 2330 est.

89 2342 168 2379 Vos
187 2355 269 2390 ego,
289 2343 433 2391 pupilli,
455 2355 599 2388 moneo,
620 2344 753 2391 quibus
773 2344 927 2392 amplior
946 2352 1003 2381 est
1022 2359 1094 2393 reS,

90 2394 285 2431 Custodite
306 2394 462 2440 animas,
483 2402 519 2431 et
539 2395 630 2431 nulli
651 2395 791 2431 credite
814 2409 964 2433 mensae.

89 2446 222 2484 Livida
241 2454 410 2483 materno
431 2446 573 2483 fervent
593 2447 740 2496 adipata
760 2460 913 2485 veneno.

1330 217 1407 253 465

1329 474 1407 510 470

1327 732 1406 770 475

1327 993 1405 1030 480

1325 1253 1403 1290 485

1324 1514 1403 1551 490

1325 1775 1403 1812 495

1325 2035 1402 2072 500

1322 2296 1400 2332 505
