1596 2779
632 140 794 172 SATIRA
819 141 862 172 X.

107 235 297 281 Fatorum,
317 243 353 272 et
372 234 488 272 nimio
507 236 553 271 de
573 237 743 281 stamine,
763 248 877 283 quum
898 235 996 271 videt
1016 234 1112 271 acris

108 287 300 323 Antilochi
322 288 471 323 barbam
493 288 698 332 ardentem,
718 300 831 334 quum
851 288 981 334 quaerit
1000 287 1046 322 ab
1064 288 1180 333 omni,

105 338 289 386 Quisquis
309 340 412 376 adest
431 339 567 383 socius,
588 351 653 374 cur
674 340 755 375 hoec
776 339 812 374 in
834 346 1000 387 tempora
1021 340 1143 385 duret,

105 389 220 428 Quod
243 391 388 427 facinus
407 390 561 438 dignum
583 398 657 426 tani
673 390 784 438 longo
805 391 994 426 admiserit
1014 391 1118 427 aevo?

107 441 202 477 Haec
221 443 352 478 eadem
374 442 519 487 Peleus,
547 450 691 490 raptum
711 454 825 489 quum
845 442 948 489 luget
968 442 1171 488 Achillem,

105 494 230 541 Atque
250 495 355 539 alius,
376 494 437 529 cui
459 494 512 529 fas
532 493 703 529 Ithacum
724 494 850 541 lugere
873 500 1077 530 natantem.

105 544 289 582 Incolumi
310 545 426 592 Trojzi.
445 545 615 581 Priamus
635 545 795 581 venisset
816 545 861 580 ad
883 546 1031 581 umbras

106 597 282 632 Assaraci
303 598 447 645 magnis
467 596 695 642 solennibus,
717 597 881 632 Hectore
903 597 1014 632 funus

105 648 291 694 Portante‚
312 662 356 685 ac
377 649 526 696 reliquis
547 649 699 685 fratrum
720 648 941 694 cervicibus,
962 649 1058 684 inter

104 699 264 736 Diadum
284 700 479 748 lacrymas,
501 708 540 736 ut
560 702 696 749 primos
717 701 827 736 edere
847 701 1019 748 planctus

104 751 315 788 Cassandra
335 752 527 800 inciperet,
548 754 737 800 scissaque
758 752 946 799 Polyxena
964 752 1075 801 palla,

105 804 144 839 Si
167 804 257 840 foret
276 804 482 840 exstinctus
501 805 644 840 diverso
666 812 842 853 tempore,
863 817 935 851 quo
955 817 1030 840 non

104 854 280 903 Coenerat
299 856 462 891 audaces
482 856 585 892 Paris
606 857 790 892 aedificare
807 857 963 892 carinas„

103 906 236 954 Longa
252 907 332 943 dies
352 907 463 955 igitur
483 908 570 955 quid
591 907 777 944 contulit?
805 908 931 943 onmia
951 907 1041 942 vidit

102 957 254 1004 Eversa,
274 967 311 995 et
330 958 488 995 flammis
509 959 639 995 Asiam
660 960 827 1006 ferroque
847 959 1056 995 cadentem.

102 1009 216 1046 Tunc
237 1011 344 1047 miles
364 1011 544 1047 tremulus
563 1011 682 1060 posita
703 1011 787 1046 tulit
808 1023 908 1046 arina
928 1011 1038 1056 tiara,

103 1060 151 1098 Et
169 1063 243 1098 ruit
263 1070 348 1098 ante
369 1075 471 1098 aram
491 1063 625 1098 summi
646 1062 761 1107 Jovis‚
784 1070 822 1098 ut
842 1063 985 1098 vetulus
1005 1063 1083 1109 bos,

100 1113 182 1152 Qui
204 1115 345 1150 domini
366 1115 494 1150 cultris
513 1123 625 1151 tenue
647 1123 683 1150 et
703 1114 911 1150 miserabile
931 1115 1068 1150 collum

101 1164 259 1211 Praebet,
281 1166 327 1201 ab
346 1167 492 1215 ingrato
507 1167 584 1215 jam
604 1167 786 1203 fastiditus
806 1174 935 1202 aratro.

100 1215 236 1253 Exitus
256 1218 315 1254 ille
337 1226 526 1265 utcunque
547 1219 706 1255 hominis
724 1231 731 1254 :
761 1219 825 1254 sed
845 1226 945 1254 torva
965 1219 1102 1255 canino

101 1267 264 1305 Latravit
284 1270 393 1315 rictu,
414 1282 496 1318 quae
516 1278 598 1319 post
617 1271 717 1306 hunc
737 1270 890 1315 vixerat,
912 1282 1014 1306 uxor.

102 1319 255 1358 Festino
275 1322 320 1357 ad
342 1330 497 1366 nostros,
519 1329 555 1358 et
575 1335 701 1370 regem
721 1330 869 1358 transeo
890 1322 1014 1367 Ponti,

100 1371 148 1408 Et
168 1373 352 1419 Croesum,
373 1386 483 1421 quem
500 1387 568 1410 vox
583 1374 671 1422 justi
693 1375 854 1410 facunda
875 1374 1023 1410 Solonis

100 1423 307 1473 Respicere
328 1426 374 1461 ad
397 1425 516 1473 longae
532 1427 641 1474 jussit
660 1427 777 1474 spatia
797 1426 925 1462 ultima
945 1426 1038 1462 vitae.

99 1475 295 1522 Exsilium,
317 1484 354 1513 et
372 1490 512 1522 carcer,
534 1478 886 1525 Minturnarumque
906 1478 1072 1526 paludes,

100 1526 149 1564 Et
168 1529 403 1565 mendicatus
423 1529 520 1565 victa
541 1530 768 1578 Carthagine
789 1530 907 1578 panis,

100 1578 203 1616 Hinc
223 1593 355 1617 causas
376 1580 551 1617 habuere.
607 1582 714 1620 Quid
735 1582 796 1617 illo
816 1582 895 1617 cive
915 1581 1060 1617 tulisset

99 1630 246 1667 Natura
266 1633 302 1668 in
323 1633 442 1678 terris,
463 1634 551 1680 quid
569 1633 694 1669 Roma
716 1634 858 1669 beatius
877 1645 1055 1680 unquam,

100 1683 141 1718 Si
162 1684 418 1721 circumducto
438 1686 665 1733 captivorum
687 1686 848 1734 agmine,
868 1695 904 1721 et
923 1684 1025 1721 omni

43 1765 45 1768 Α
98 1734 285 1771 Bellorum
306 1737 454 1785 pompa,
475 1738 637 1772 animam
657 1738 866 1773 exhalasset
884 1737 1060 1784 opimam,

97 1785 228 1825 Quum
249 1788 295 1823 de
316 1787 530 1825 Teutonico
550 1789 659 1825 vellet
678 1790 907 1825 descendere
927 1789 1069 1824 curru?

98 1837 256 1874 Provida
275 1839 453 1888 Pompeio
473 1841 626 1877 dederat
646 1841 854 1889 Campania
875 1841 994 1877 febres

97 1889 315 1938 Optandas:
345 1892 409 1927 sed
430 1892 555 1928 multae
575 1893 686 1927 urbes
705 1900 741 1928 et
760 1893 910 1940 publica
929 1899 1013 1927 vota

99 1940 292 1979 Vicerunt.
349 1942 466 1991 Igitur
487 1943 653 1980 Fortuna
673 1944 788 1992 ipsius
807 1953 844 1980 et
863 1943 973 1980 Urbis

98 1992 292 2029 Servatum
313 1995 409 2030 victo
428 2003 540 2043 caput
559 1995 721 2032 abstulit.
778 1996 863 2032 Hoc
883 1995 1050 2031 cruciatu

97 2043 291 2091 Lentulus,
313 2046 384 2083 hac
403 2048 514 2095 poena
535 2048 654 2083 caruit
674 2047 883 2095 ceciditque
899 2047 1090 2095 Cethegus

97 2095 260 2145 Integer,
281 2104 317 2133 et
333 2097 450 2146 jacuit
471 2099 634 2135 Catilina
652 2100 832 2135 cadavere
852 2107 939 2136 toto.

150 2148 323 2185 Formam
344 2157 444 2198 optat
465 2151 610 2187 modico
629 2152 765 2199 pueris
786 2152 923 2199 majore
942 2153 1075 2200 puellis

98 2199 304 2246 Murmure,
325 2214 438 2249 quum
459 2202 618 2239 Veneris
639 2203 767 2239 sa'num
787 2203 885 2239 videt
905 2204 1015 2241 anxia
1034 2210 1165 2250 mater,

97 2251 221 2300 Usque
242 2253 287 2289 ad
309 2253 461 2290 delicias
481 2263 657 2291 votorum.
714 2255 792 2290 Cur
811 2262 949 2300 tamen,
971 2256 1103 2304 inquit,

97 2304 311 2353 Corripias?
341 2305 503 2342 Pulchra
524 2307 664 2355 gaudet
684 2307 827 2343 Latona
847 2307 984 2344 Diana.

97 2356 172 2392 Sed
195 2364 291 2393 vetat
309 2358 426 2405 optari
449 2358 581 2394 faciem
602 2359 790 2404 Lucretia,
810 2360 955 2406 qualem

98 2406 184 2455 Ipsa
205 2409 332 2444 habuit
349 2438 353 2443 .
384 2420 538 2458 cuperet
558 2410 697 2446 Rutilae
715 2410 887 2458 Virginia
906 2411 1059 2459 gibbum

98 2459 296 2507 Accipere,
318 2471 426 2508 atque
446 2475 550 2497 suam
573 2462 713 2498 Rutila:
734 2463 833 2498 dare.
890 2463 1009 2499 Filius
1030 2470 1155 2499 autem

1329 701 1408 737 255

1331 960 1409 996 260

1331 1219 1409 1255 265

1327 1738 1405 1774 275

1325 1997 1404 2033 280

1322 2255 1401 2293 285
