1596 2779
166 156 218 192 66
580 159 609 187 D
643 159 770 188 JUNH
794 159 1051 189 JUVENALIS

168 248 242 284 Sed
263 250 389 297 procul
409 257 605 285 extensum
627 252 797 298 petulans
817 252 933 299 quatit
954 252 1073 287 hostia
1093 251 1232 298 funem,

167 299 332 348 Tarpeio
352 309 497 337 servata
515 301 611 347 Jovi,
634 303 863 349 frontemque
880 311 1052 339 coruscat
1069 316 1076 339 :

165 350 319 399 Quippe
340 352 442 388 ferox
462 352 612 397 vitulus,
634 353 780 400 templis
800 362 967 389 maturus
987 362 1024 390 et
1043 366 1128 399 arae,

167 402 482 451 Spargendusque
503 417 616 448 mero,
637 417 747 460 quem
764 405 842 453 jam
862 406 978 453 pudet
998 406 1114 441 ubera
1133 406 1260 442 matris

166 453 328 499 Ducere,
349 455 411 502 qui
432 463 537 491 vexat
556 455 724 492 nascenti
745 456 874 492 robora
893 468 1020 492 cornu.

167 505 207 540 Si
225 518 282 540 res
302 506 423 554 ampla
443 507 556 551 domi,
577 507 780 555 similisque
801 508 995 543 affectibus
1014 515 1124 554 esset,

167 555 347 604 Pinguior
370 557 541 605 Hispulla
563 560 768 595 traheretur
788 566 927 604 taurus,
948 567 984 595 et
1004 560 1084 607 ipsa

169 607 270 643 Mole
290 608 408 656 piger,
430 622 501 645 nec
522 610 679 646 finitima
701 610 861 646 nutritus
881 611 919 646 in
940 611 1068 657 herba,

170 659 271 694 Laeta
291 660 355 695 sed
375 661 578 697 ostendens
598 662 780 698 Clitumni
800 675 941 719 pascua
959 663 1112 711 sanguis

172 710 258 756 Iret,
275 720 311 746 et
329 724 349 746 a
368 712 501 760 grandi
522 714 646 749 cervix
667 714 834 748 ferienda
854 714 1034 759 ministro,

169 762 229 797 Ob
249 763 407 798 reditum
428 761 647 811 trepidantis
666 765 802 808 adhuc,
823 765 1080 822 horrendaque
1099 762 1197 813 passi

169 813 312 861 Nuper,
334 822 369 849 et
390 815 615 850 incolumem
633 828 714 851 sese
736 816 904 851 mirantis
925 816 1047 851 amici.

169 865 269 900 Nam
290 874 421 913 praeter
437 866 558 914 pelagi
580 879 702 912 casus,
723 875 760 903 et
781 867 935 915 fulguris
957 867 1071 904 ictum

171 916 295 961 Evasi,
317 918 442 953 densa}
463 917 599 953 coeluxn
620 917 852 954 abscondere
873 919 1035 954 tenebrae

170 968 284 1004 Nube
305 970 393 1014 una,
414 970 629 1017 subitusque
651 979 832 1006 antennas
853 970 999 1018 impulit
1014 971 1110 1018 ignis

169 1019 301 1057 Quum
324 1033 362 1055 se
382 1020 537 1068 quisque
559 1021 621 1057 illo
640 1034 857 1069 percussum
878 1023 1059 1067 crederet,
1080 1029 1117 1058 et
1135 1034 1221 1058 mox

171 1072 365 1108 Attonitus
385 1072 529 1107 nullum
549 1073 709 1108 conferri
730 1086 836 1120 posse
857 1081 1002 1120 putaret

172 1123 422 1171 Naufragium
444 1123 534 1159 velis
556 1124 784 1160 ardentibus.
840 1124 980 1160 Omnia
999 1125 1093 1160 fiunt

172 1174 296 1220 Talia,
317 1183 390 1211 tam
412 1175 584 1223 graviter,
605 1176 634 1211 si
654 1177 803 1223 quando
823 1176 971 1223 poetica
991 1176 1110 1223 surgit

172 1226 406 1275 Tempestas.
463 1227 593 1263 Genus
613 1240 703 1263 ecce
725 1228 825 1263 aliud
846 1227 1095 1263 discriminis:
1127 1227 1214 1264 audi

172 1278 221 1314 Et
241 1279 414 1315 miserere
434 1278 582 1324 iterum,
604 1291 814 1326 quanquam
835 1279 909 1315 sint
929 1287 1063 1315 caetera
1083 1279 1189 1315 sortis

172 1330 374 1379 Ejusdem:
404 1343 489 1378 pars
508 1330 587 1366 dira
607 1331 770 1378 quidem,
791 1332 855 1367 sed
877 1331 1028 1377 cognita
1047 1331 1185 1376 multis,

173 1382 222 1419 Et
241 1395 351 1430 quam
373 1382 491 1418 votiva
513 1389 692 1418 testantur
713 1383 796 1419 fana
817 1383 954 1418 tabella

173 1434 351 1470 Plurima.
410 1434 576 1470 Pictores
598 1435 680 1481 quis
700 1435 819 1470 nescit
839 1435 884 1470 ab
906 1434 1004 1470 lside
1024 1434 1155 1483 pasci?

174 1485 328 1522 Accidit
347 1493 384 1521 et
405 1493 529 1522 nostro
548 1486 678 1521 similis
696 1487 841 1522 fortuna
860 1486 1019 1522 Catullo.

172 1537 304 1576 Quum
325 1537 457 1585 plenus
477 1537 592 1573 fluctu
612 1537 758 1573 medius
778 1538 870 1574 foret
890 1538 1027 1583 alveus,
1047 1544 1085 1573 et
1099 1537 1190 1586 jam,

174 1589 372 1625 Alternum
394 1589 525 1637 puppis
542 1589 638 1625 latus
658 1590 911 1626 evertentibus
931 1589 1042 1624 undis

174 1641 331 1677 Arboris
353 1641 517 1685 incertae,
539 1641 679 1677 nullam
700 1641 899 1689 prudentia
919 1641 1004 1677 cani

174 1692 351 1729 Rectoris
371 1693 556 1728 conferret
574 1705 706 1740 opem3
736 1693 912 1728 decidere
928 1693 1031 1741 jactu

174 1744 298 1793 Coepit
312 1757 399 1780 cum
420 1744 539 1780 ventis
555 1757 617 1788 ;—

174 1795 352 1841 Fundste,
372 1808 454 1843 quae
475 1808 557 1832 mea
577 1804 676 1842 sunt,
697 1796 858 1841 dicebat,
876 1803 1027 1841 cuncta,
1049 1794 1232 1841 Catullus,

174 1847 412 1896 Praecipitare
433 1847 559 1883 volens
578 1848 688 1883 etiam
710 1848 972 1896 pulcherrima,
992 1855 1129 1883 vestem

175 1900 419 1948 Purpuream,
439 1899 577 1935 teneris
596 1912 740 1948 quoque
762 1899 1035 1935 Maecenatibus
1055 1906 1191 1947 aptam,

176 1952 300 1999 Atque
321 1951 424 1996 alias,
443 1963 599 1999 quarum
620 1952 790 1999 generosi
812 1951 992 1999 graminis
1012 1951 1132 1999 ipsum

176 2003 313 2039 Infecit
334 2010 464 2039 natura
484 2015 612 2050 pecuS,
633 2003 696 2038 sed
717 2010 754 2039 ct
775 2004 948 2051 egregius
969 2002 1050 2039 sons

176 2055 330 2090 Viribus
349 2054 519 2099 occultis,
540 2062 576 2090 et
597 2054 760 2090 Boeticus
781 2055 928 2102 adjuvat
947 2056 1022 2090 aer.

177 2106 250 2142 Ille
271 2119 343 2142 nec
363 2113 557 2153 argentum
578 2105 773 2142 dubitabat
792 2106 950 2150 mittere,
972 2106 1101 2141 lances

178 2158 380 2194 Parthenio
400 2157 528 2202 factas,
549 2170 652 2192 urnae
672 2165 815 2194 cratera
835 2170 1026 2205 capacem,

178 2210 228 2246 Et
247 2210 402 2258 dignum
424 2209 572 2245 sitiente
593 2209 721 2254 Pholo,
744 2209 800 2245 vel
820 2209 980 2257 conjuge
1000 2207 1126 2244 Fusci.

181 2263 290 2298 Adde
309 2270 346 2297 et
366 2260 584 2306 bascaudas,
605 2268 641 2296 et
661 2261 760 2296 mille
781 2261 937 2305 escaria,
957 2260 1115 2296 multum

179 2314 325 2359 cazlau,
347 2313 491 2349 biberat
505 2325 578 2360 quo
597 2312 755 2348 callidus
773 2320 916 2360 emptor
935 2311 1104 2359 Olynthi.

181 2366 256 2401 Sed
277 2365 358 2412 quis
379 2377 481 2401 nunc
501 2364 606 2409 alius,
627 2364 701 2412 qua
721 2365 850 2400 mundi
870 2371 985 2412 parte,
1006 2363 1088 2411 quis
1109 2363 1222 2399 audet

183 2417 351 2464 Argento
371 2416 542 2465 praeferre
562 2423 686 2464 caput,
707 2416 889 2463 rebusque
910 2415 1092 2451 salutem?

183 2468 269 2505 Non
290 2476 435 2517 propter
456 2467 568 2504 vitam
589 2467 730 2503 faciunt
749 2466 970 2516 patrimonia
989 2467 1152 2514 quidam,

1421 509 1470 546 10

1425 766 1470 802 15

1420 1022 1472 1058 20

1425 1536 1477 1573 30

1430 2052 1481 2089 40

1431 2310 1482 2346 45
