1596 2779
646 197 808 229 SATIRA
833 197 910 227 vll.

125 292 224 329 Nam
245 293 273 329 si
294 293 451 341 Virgilio
471 305 562 341 puer
582 299 617 327 et
637 291 828 327 tolerabile
849 291 994 326 ‹lc-essct

125 345 351 392 Hospitium,
372 345 548 380 caderent
567 356 696 379 omnes
716 356 737 377 a
757 343 922 378 crinibus
940 342 1065 389 hydri:

125 397 246 432 Surda
266 397 355 431 nihil
377 403 539 444 gemeret
560 407 669 441 grave
692 394 861 429 buccina.
919 393 1125 437 poscimus,
1146 399 1186 428 ut
1204 392 1251 427 sit

126 447 215 483 Non
237 448 355 483 minor
376 447 525 493 antiquo
546 446 750 481 Rubrenus
770 445 897 492 Lappa
920 445 1114 488 cothurno,

125 499 243 547 Cujus
264 506 300 534 et
319 499 477 534 alveolos
496 506 532 533 et
551 498 683 533 laenam
703 497 846 544 pigner
838 504 873 532 at
895 497 1042 531 Atreus.

125 550 212 586 Non
235 551 348 586 habet
364 550 489 585 infelix
512 548 700 592 Numitor,
720 548 817 594 quod
839 547 958 583 mittat
978 547 1101 583 amico

123 601 320 640 Quintillae
339 602 437 648 quod
457 601 582 645 donet,
604 600 739 642 habet;
762 611 834 634 nec
854 599 971 635 defuit
991 598 1056 644 illi,

120 646 233 689 ‘Unde
253 659 392 689 emeret
411 652 527 687 multa
547 651 776 699 pascendum
797 663 908 685 carne
929 628 1075 685 leonem

124 704 211 740 Jam
230 705 432 740 domitum:
462 710 604 739 constat
619 702 745 738 leviori
767 702 889 737 bellua
908 709 1057 749 sumptu

125 756 326 801 Nimirum,
346 763 383 792 et
402 755 553 803 capiunt
572 755 656 802 plus
676 753 851 789 intestina
870 755 999 800 poetae.
1031 775 1035 778 -

125 808 336 844 Contentus
356 807 453 843 fama
470 806 593 854 jaceat
612 806 789 841 Lucanus
809 805 845 840 in
867 805 980 840 hortis

126 859 367 895 Marmoreis:
397 866 434 893 at
454 859 613 893 Serrano
632 856 810 903 tenuique
833 856 955 891 Saleio
1019 859 1023 862 ’

123 911 251 947 Gloria
271 909 499 958 quantalibet
518 909 606 955 quid
626 908 707 953 erit,
729 908 756 943 si
778 907 894 955 gloria
914 905 1058 943 tantum
1079 909 1164 943 est'l

125 962 296 998 Curritur
317 962 361 997 ad
382 973 511 997 vocem
528 961 748 1007 jucundam,
768 966 805 994 et
824 971 976 994 carmen
998 959 1129 994 amicae

125 1014 356 1058 Thebaidos,
373 1013 494 1057 laetam
514 1012 601 1048 fecit
620 1024 733 1058 quum
756 1011 895 1046 Statius
916 1011 1060 1059 urbem

126 1065 370 1112 Promisitque
390 1056 518 1100 diem:
540 1064 643 1099 tanta
663 1063 863 1098 dulcedine
883 1068 1010 1110 captos

129 1114 257 1153 Affieit
278 1117 338 1152 ille
359 1116 514 1160 animos,
533 1115 710 1161 tantaque
730 1114 883 1150 libidine
910 1113 1007 1161 vulgi

127 1169 314 1211 Auditum
346 1168 422 1212 sed,
443 1179 556 1214 quum
577 1167 683 1214 fregit
703 1166 876 1201 subsellia
897 1178 1017 1211 versu,

129 1220 268 1265 Esurit,
290 1220 466 1255 intactam
488 1218 611 1253 Paridi
632 1218 702 1253 nisi
723 1218 859 1252 vendat
880 1218 1047 1264 Agaven.

128 1272 196 1308 Ille
216 1280 251 1307 et
274 1271 412 1306 militiae
434 1270 558 1305 multis
577 1270 730 1317 largitur
750 1269 942 1314 bonorem,

128 1323 306 1359 Semestri
323 1329 446 1358 iatum
466 1321 599 1370 digitos
619 1320 855 1365 circumligat
875 1332 976 1356 auro.

126 1374 241 1413 Quod
262 1387 335 1410 non
357 1375 446 1409 dant
464 1386 648 1421 proceres
670 1373 771 1408 dabit
788 1354 925 1407 histrio.
982 1371 1045 1406 Tu
1067 1372 1302 1418 Camerinos,

127 1426 176 1463 Et
196 1427 345 1472 Bareas,
365 1433 405 1461 tu
425 1425 604 1461 nobilium
624 1436 759 1471 magna
781 1423 871 1459 atrii
891 1425 1026 1459 curas?

128 1478 327 1514 Praefectos
346 1477 509 1525 Pelopea
528 1477 626 1521 facit,
647 1458 850 1511 Philomela
870 1475 1048 1511 tribunos.

129 1529 240 1565 Haud
262 1537 386 1565 tamen
407 1529 572 1564 invideas
592 1527 676 1572 vati,
697 1539 806 1574 quem
828 1527 967 1574 pulpita
993 1534 1162 1574 pascunt.

126 1581 227 1619 Quis
246 1581 311 1616 tibi
335 1580 553 1616 Maecenas'?
581 1579 662 1626 quis
683 1591 784 1613 nunc
804 1579 872 1613 erit
892 1586 955 1614 aut
975 1578 1206 1623 Proculeius,

129 1634 208 1669 Aut
228 1633 392 1668 Fabius?
420 1631 502 1679 quis
522 1631 631 1666 Cotta
652 1630 814 1665 iterum?
843 1630 925 1676 quis
947 1629 1129 1665 Lentulus
1149 1630 1269 1665 alter?

128 1684 244 1720 Tunc
263 1697 327 1732 par
348 1683 498 1731 ingenio
516 1683 698 1730 pretium:
728 1690 818 1717 tunc
838 1682 928 1716 utile
949 1681 1074 1717 multis

129 1736 286 1781 Fallere,
306 1743 342 1771 et
361 1736 487 1770 vinum
508 1741 584 1770 toto
604 1733 749 1769 nescire
769 1732 981 1768 Decembri.

181 1788 313 1824 Vester
334 1785 441 1835 porro
463 1787 563 1822 labor
585 1785 806 1830 foecundior,
828 1785 1061 1821 historiarum

130 1840 358 1888 Scriptores:
387 1839 478 1886 petit
498 1838 558 1873 hio
578 1837 660 1885 plus
679 1837 867 1885 temporis,
889 1844 998 1883 atque
1017 1836 1091 1872 olei
1111 1836 1216 1885 plus3

128 1890 302 1938 Namque
323 1890 438 1925 oblita
456 1890 555 1924 modi
576 1888 771 1924 millesima
796 1889 932 1936 pagina
952 1889 1069 1936 surgit

127 1941 328 1986 Omnibus,
348 1949 384 1977 et
405 1941 522 1976 multa
542 1940 677 1976 crescit
697 1940 875 1975 damnosa
895 1952 1042 1987 papyro.

130 1994 194 2029 Sic
215 1994 347 2042 ingens
368 2005 489 2028 rerum
510 2004 688 2028 numerus
705 1992 822 2039 jubet,
843 1999 952 2038 atque
972 2004 1124 2039 operum
1145 1991 1216 2027 lex,

127 2045 227 2084 Quae
247 2053 370 2081 tamen
393 2045 479 2080 iude
500 2045 634 2092 seges?
664 2051 769 2079 terrae
789 2043 870 2091 quis
891 2043 1033 2078 fructus
1053 2051 1188 2091 apertae
1203 2044 1218 2079 ‘l

127 2096 228 2136 Quis
247 2097 349 2132 dabit
369 2097 556 2141 historico,
578 2102 757 2143 quantum
778 2095 882 2130 daret
902 2102 985 2130 aeta
1003 2095 1142 2143 legenti
1160 2096 1175 2131 ’.Γ

130 2149 203 2185 Sed
225 2161 343 2197 genus
364 2149 550 2196 ignavum,
571 2147 667 2195 quod
687 2146 785 2183 lecto
804 2147 941 2194 gaudet
960 2154 996 2182 et
1015 2147 1158 2182 umbra.

181 2200 253 2236 Dic
273 2201 398 2249 igitur,
418 2200 507 2248 quid
527 2199 728 2234 causidicis
748 2199 869 2234 civilia
888 2205 1062 2246 praestent

128 2252 276 2297 Officia,
297 2259 333 2288 et
349 2264 484 2300 magno
504 2251 658 2286 comites
677 2251 714 2286 in
736 2250 834 2285 fasce
855 2249 999 2285 libelli?

129 2303 206 2352 Ipsi
226 2316 363 2352 magna
382 2310 527 2348 sonant,
548 2303 612 2338 sed
632 2310 736 2347 tunc,
752 2314 866 2349 quum
887 2302 1048 2337 creditor
1065 2301 1179 2348 audit,

130 2354 338 2403 Praecipue,
360 2355 415 2390 vel
436 2355 465 2390 si
485 2355 606 2402 tetigit
624 2354 723 2390 latus
743 2354 861 2389 acrior
882 2352 956 2398 illo,

127 2406 208 2446 Qui
232 2407 332 2443 venit
351 2406 396 2442 ad
417 2406 571 2441 dubium
592 2406 722 2453 grandi
743 2417 829 2440 cum
848 2405 978 2441 codice
999 2416 1147 2440 nomen.

129 2456 243 2493 Tunc
264 2458 445 2494 immensa
464 2458 543 2493 cavi
565 2457 705 2505 spirant
729 2456 926 2492 mendacia
947 2457 1062 2501 folles,

129 2508 429 2559 Conspuiturque
450 2510 562 2545 sinus.
619 2509 756 2545 Veram
777 2507 1010 2557 deprendere
1031 2519 1190 2544 messem

1373 854 1425 891 80

1373 1629 1426 1665 95

1355 1887 1428 1924 100

1354 2146 1427 2183 105

1354 2406 1427 2442 110
